@article{kholghy2016core,
  title={The core--shell internal nanostructure of soot--A criterion to model soot maturity},
  author={Kholghy, Mohammad Reza and Veshkini, Armin and Thomson, Murray John},
  journal={Carbon},
  volume={100},
  pages={508--536},
  year={2016},
  publisher={Elsevier}
}

@article{Goudeli2016,
   author = {Eirini Goudeli and Maximilian L Eggersdorfer and Sotiris E Pratsinis},
   issn = {0743-7463},
   issue = {36},
   journal = {Langmuir},
   pages = {9276-9285},
   publisher = {ACS Publications},
   title = {Coagulation of agglomerates consisting of polydisperse primary particles},
   volume = {32},
   year = {2016},
}

@article{international2016carbon,
  title={Carbon black user’s guide},
  author={International Carbon Black Association and others},
  journal={available at www. carbon-black. org},
  year={2016}
}

@article{veshkini2016understanding,
  title={Understanding soot particle size evolution in laminar ethylene/air diffusion flames using novel soot coalescence models},
  author={Veshkini, Armin and Dworkin, Seth B and Thomson, Murray J},
  journal={Combustion Theory and Modelling},
  volume={20},
  number={4},
  pages={707--734},
  year={2016},
  publisher={Taylor \& Francis}
}

@article{johansson2016formation,
  title={Formation and emission of large furans and oxygenated hydrocarbons from flames},
  author={Johansson, K Olof and Dillstrom, Tyler and Monti, Matteo and El Gabaly, Farid and Campbell, Matthew F and Schrader, Paul E and Popolan-Vaida, Denisia M and Richards-Henderson, Nicole K and Wilson, Kevin R and Violi, Angela and others},
  journal={Proceedings of the National Academy of Sciences},
  volume={113},
  number={30},
  pages={8374--8379},
  year={2016},
  publisher={National Acad Sciences}
}

@article{cho2016synthesis,
  title={Synthesis of primary-particle-size-tuned soot particles by controlled pyrolysis of hydrocarbon fuels},
  author={Cho, Sanghwan and Lee, Seunghoon and Lee, Wonnam and Park, Sunho},
  journal={Energy \& Fuels},
  volume={30},
  number={8},
  pages={6614--6619},
  year={2016},
  publisher={ACS Publications}
}

@article{agafonov2016unified,
  title={Unified kinetic model of soot formation in the pyrolysis and oxidation of aliphatic and aromatic hydrocarbons in shock waves},
  author={Agafonov, GL and Bilera, IV and Vlasov, PA and Zhil’tsova, IV and Kolbanovskii, Yu A and Smirnov, VN and Tereza, AM},
  journal={Kinetics and Catalysis},
  volume={57},
  pages={557--572},
  year={2016},
  publisher={Springer}
}

@article{dastanpour2016automated,
  title={Automated primary particle sizing of nanoparticle aggregates by TEM image analysis},
  author={Dastanpour, Ramin and Boone, Jocelyne M and Rogak, Steven N},
  journal={Powder Technology},
  volume={295},
  pages={218--224},
  year={2016},
  publisher={Elsevier}
}

@article{eaves2016coflame,
 title={CoFlame: A refined and validated numerical algorithm for modeling sooting laminar coflow diffusion flames},
 author={Eaves, Nick A and Zhang, Qingan and Liu, Fengshan and Guo, Hongsheng and Dworkin, Seth B and Thomson, Murray J},
 journal={Computer Physics Communications},
 volume={207},
 pages={464--477},
 year={2016},
 publisher={Elsevier}
}