@article{Oberlin1984,
   author = {A Oberlin},
   issn = {0008-6223},
   issue = {6},
   journal = {Carbon},
   pages = {521-541},
   publisher = {Elsevier},
   title = {Carbonization and graphitization},
   volume = {22},
   year = {1984},
}

@article{miller1984intermolecular,
  title={Intermolecular potential calculations for polycyclic aromatic hydrocarbons},
  author={Miller, J Houston and Mallard, W Gary and Smyth, Kermit C},
  journal={The Journal of Physical Chemistry},
  volume={88},
  number={21},
  pages={4963--4970},
  year={1984},
  publisher={ACS Publications}
}

@article{stein1985high,
  title={High-temperature stabilities of hydrocarbons},
  author={Stein, Stephen E and Fahr, A},
  journal={The Journal of Physical Chemistry},
  volume={89},
  number={17},
  pages={3714--3725},
  year={1985},
  publisher={ACS Publications}
}

@article{gelbard1980sectional,
	title={Sectional representations for simulating aerosol dynamics},
	author={Gelbard, Fred and Tambour, Yoram and Seinfeld, John H},
	journal={Journal of colloid and interface science},
	volume={76},
	number={2},
	pages={541--556},
	year={1980},
	publisher={Elsevier}
}

@inproceedings{miller1985calculations,
  title={Calculations of the dimerization of aromatic hydrocarbons: Implications for soot formation},
  author={Miller, J Houston and Smyth, Kermit C and Mallard, W Gary},
  booktitle={Symposium (International) on Combustion},
  volume={20},
  number={1},
  pages={1139--1147},
  year={1985},
  organization={Elsevier}
}

@article{wu1988discrete,
  title={A discrete-sectional solution to the aerosol dynamic equation},
  author={Wu, Jin Jwang and Flagan, Richard C},
  journal={Journal of Colloid and interface Science},
  volume={123},
  number={2},
  pages={339--352},
  year={1988},
  publisher={Elsevier}
}

@article{mulholland1988cluster,
  title={Cluster size distribution for free molecular agglomeration},
  author={Mulholland, George W and Samson, RJ and Mountain, RD and Ernst, MH},
  journal={Energy \& Fuels},
  volume={2},
  number={4},
  pages={481--486},
  year={1988},
  publisher={ACS Publications}
}

@article{ball1984finite,
  title={Finite size effects in cluster-cluster aggregation},
  author={Ball, RC and Jullien, R},
  journal={Journal de Physique Lettres},
  volume={45},
  number={21},
  pages={1031--1035},
  year={1984},
  publisher={Les Editions de Physique}
}

@article{harris1985chemical,
  title={Chemical kinetics of soot particle growth},
  author={Harris, Stephen J and Weiner, Anita M},
  journal={Annual Review of Physical Chemistry},
  volume={36},
  number={1},
  pages={31--52},
  year={1985},
  publisher={Annual Reviews 4139 El Camino Way, PO Box 10139, Palo Alto, CA 94303-0139, USA}
}

@article{haynes1982surface,
  title={The surface growth phenomenon in soot formation},
  author={Haynes, BS and Wagner, H Gg},
  journal={Zeitschrift f{\"u}r Physikalische Chemie},
  volume={133},
  number={2},
  pages={201--213},
  year={1982},
  publisher={De Gruyter Oldenbourg}
}

@inproceedings{homann1985formation,
  title={Formation of large molecules, particulates and ions in premixed hydrocarbon flames; progress and unresolved questions},
  author={Homann, KH},
  booktitle={Symposium (International) on Combustion},
  volume={20},
  number={1},
  pages={857--870},
  year={1985},
  organization={Elsevier}
}

@article{dasch1985decay,
  title={The decay of soot surface growth reactivity and its importance in total soot formation},
  author={Dasch, Cameron J},
  journal={Combustion and flame},
  volume={61},
  number={3},
  pages={219--225},
  year={1985},
  publisher={Elsevier}
}

@inproceedings{miller1991kinetics,
  title={The kinetics of polynuclear aromatic hydrocarbon agglomeration in flames},
  author={Miller, J Houston},
  booktitle={Symposium (International) on Combustion},
  volume={23},
  number={1},
  pages={91--98},
  year={1991},
  organization={Elsevier}
}


@article{mountain1986simulation,
  title={Simulation of aerosol agglomeration in the free molecular and continuum flow regimes},
  author={Mountain, Raymond D and Mulholland, George W and Baum, Howard},
  journal={Journal of Colloid and Interface Science},
  volume={114},
  number={1},
  pages={67--81},
  year={1986},
  publisher={Elsevier}
}

@article{pratsinis1988simultaneous,
  title={Simultaneous nucleation, condensation, and coagulation in aerosol reactors},
  author={Pratsinis, Sotiris E},
  journal={Journal of colloid and interface science},
  volume={124},
  number={2},
  pages={416--427},
  year={1988},
  publisher={Elsevier}
}

@article{kim1988manufacture,
  title={Manufacture of optical waveguide preforms by modified chemical vapor deposition},
  author={Kim, Kyo-Seon and Pratsinis, Sotiris E},
  journal={AIChE journal},
  volume={34},
  number={6},
  pages={912--921},
  year={1988},
  publisher={Wiley Online Library}
}

@article{frenklach1987aerosol,
  title={Aerosol dynamics modeling using the method of moments},
  author={Frenklach, Michael and Harris, Stephen J},
  journal={Journal of colloid and interface science},
  volume={118},
  number={1},
  pages={252--261},
  year={1987},
  publisher={Elsevier}
}

@article{haaland1983simple,
  title={Simple and explicit formulas for the friction factor in turbulent pipe flow},
  author={Haaland, Skjalg E},
  year={1983},
  publisher={The American Society of Mechanical Engineers (ASME)}
}

@article{frenklach1988comment,
  title={Comment on the proposed role of spheroidal carbon clusters in soot formation},
  author={Frenklach, Michael and Ebert, Lawrence B},
  journal={The Journal of Physical Chemistry},
  volume={92},
  number={2},
  pages={561--563},
  year={1988},
  publisher={ACS Publications}
}

@inproceedings{fahr1989reactions,
  title={Reactions of vinyl and phenyl radicals with ethyne, ethene and benzene},
  author={Fahr, Askar and Stein, SE},
  booktitle={Symposium (International) on Combustion},
  volume={22},
  number={1},
  pages={1023--1029},
  year={1989},
  organization={Elsevier}
}

@article{neoh1981soot,
  title={Soot oxidation in flames},
  author={Neoh, KG and Howard, JB and Sarofim, AF},
  journal={Particulate carbon: formation during combustion},
  pages={261--282},
  year={1981},
  publisher={Springer}
}

@article{haynes1981soot,
  title={Soot formation},
  author={Haynes, Brian S and Wagner, H Gg},
  journal={Progress in energy and combustion science},
  volume={7},
  number={4},
  pages={229--273},
  year={1981},
  publisher={Elsevier}
}

@article{franklin1951crystallite,
  title={Crystallite growth in graphitizing and non-graphitizing carbons},
  author={Franklin, Rosalind E},
  journal={Proceedings of the Royal Society of London. Series A. Mathematical and Physical Sciences},
  volume={209},
  number={1097},
  pages={196--218},
  year={1951},
  publisher={The Royal Society London}
}

@inproceedings{lee1981optical,
  title={Optical constants of soot in hydrocarbon flames},
  author={Lee, SC and Tien, CL},
  booktitle={Symposium (international) on combustion},
  volume={18},
  number={1},
  pages={1159--1166},
  year={1981},
  organization={Elsevier}
}

@article{narsimhan1985brownian,
  title={The Brownian coagulation of aerosols over the entire range of Knudsen numbers: Connection between the sticking probability and the interaction forces},
  author={Narsimhan, Ganesan and Ruckenstein, Eli},
  journal={Journal of colloid and interface science},
  volume={104},
  number={2},
  pages={344--369},
  year={1985},
  publisher={Elsevier}
}