@article{myhre2014anthropogenic,
  title={Anthropogenic and natural radiative forcing},
  author={Myhre, Gunnar and Shindell, Drew and Pongratz, Julia},
  year={2014},
  publisher={Cambridge University Press}
}

@article{saffaripour2014experimental,
  title={Experimental investigation and detailed modeling of soot aggregate formation and size distribution in laminar coflow diffusion flames of Jet A-1, a synthetic kerosene, and n-decane},
  author={Saffaripour, Meghdad and Veshkini, Armin and Kholghy, Mohammadreza and Thomson, Murray J},
  journal={Combustion and Flame},
  volume={161},
  number={3},
  pages={848--863},
  year={2014},
  publisher={Elsevier}
}

@inproceedings{puduppakkam2014soot,
  title={A soot chemistry model that captures fuel effects},
  author={Puduppakkam, Karthik V and Modak, Abhijit U and Naik, Chitralkumar V and Camacho, Joaquin and Wang, Hai and Meeks, Ellen},
  booktitle={Turbo Expo: Power for Land, Sea, and Air},
  volume={45691},
  pages={V04BT04A055},
  year={2014},
  organization={American Society of Mechanical Engineers}
}

@article{stranic2014laser,
  title={Laser absorption diagnostic for measuring acetylene concentrations in shock tubes},
  author={Stranic, Ivo and Hanson, Ronald K},
  journal={Journal of Quantitative Spectroscopy and Radiative Transfer},
  volume={142},
  pages={58--65},
  year={2014},
  publisher={Elsevier}
}