
@article{schiener2019transported,
  title={Transported probability density function based modelling of soot particle size distributions in non-premixed turbulent jet flames},
  author={Schiener, MA and Lindstedt, RP},
  journal={Proceedings of the Combustion Institute},
  volume={37},
  number={1},
  pages={1049--1056},
  year={2019},
  publisher={Elsevier}
}

@article{Kelesidis2019,
   author = {Georgios A Kelesidis and Sotiris E Pratsinis},
   issn = {0010-2180},
   journal = {Combust. Flame},
   pages = {493-499},
   publisher = {Elsevier},
   title = {Estimating the internal and surface oxidation of soot agglomerates},
   volume = {209},
   year = {2019},
}

@article{integrated2019,
	author = {U.S. EPA.},
	title = {Integrated Science Assessment (ISA) for Particulate Matter (Final Report, Dec 2019)},
	publisher = {U.S. Environmental Protection Agency, Washington, DC, EPA/600/R-19/188},
	year = {2019},
}

@article{kelesidis2019estimating,
  title={Estimating the internal and surface oxidation of soot agglomerates},
  author={Kelesidis, Georgios A and Pratsinis, Sotiris E},
  journal={Combustion and Flame},
  volume={209},
  pages={493--499},
  year={2019},
  publisher={Elsevier}
}

@article{kholghy2019role,
  title={The role of reactive PAH dimerization in reducing soot nucleation reversibility},
  author={Kholghy, Mohammad Reza and Eaves, Nick Anthony and Veshkini, Armin and Thomson, Murray John},
  journal={Proceedings of the Combustion Institute},
  volume={37},
  number={1},
  pages={1003--1011},
  year={2019},
  publisher={Elsevier}
}

@article{olfert2019universal,
  title={Universal relations between soot effective density and primary particle size for common combustion sources},
  author={Olfert, Jason and Rogak, Steven},
  journal={Aerosol Science and Technology},
  volume={53},
  number={5},
  pages={485--492},
  year={2019},
  publisher={Taylor \& Francis}
}

@article{kazemimanesh2019size,
  title={Size, effective density, morphology, and nano-structure of soot particles generated from buoyant turbulent diffusion flames},
  author={Kazemimanesh, Mohsen and Dastanpour, Ramin and Baldelli, Alberto and Moallemi, Alireza and Thomson, Kevin A and Jefferson, Melina A and Johnson, Matthew R and Rogak, Steven N and Olfert, Jason S},
  journal={Journal of Aerosol Science},
  volume={132},
  pages={22--31},
  year={2019},
  publisher={Elsevier}
}

@article{liu2019flame,
  title={Flame-formed carbon nanoparticles exhibit quantum dot behaviors},
  author={Liu, Changran and Singh, Ajay V and Saggese, Chiara and Tang, Quanxi and Chen, Dongping and Wan, Kevin and Vinciguerra, Marianna and Commodo, Mario and De Falco, Gianluigi and Minutolo, Patrizia and others},
  journal={Proceedings of the National Academy of Sciences},
  volume={116},
  number={26},
  pages={12692--12697},
  year={2019},
  publisher={National Acad Sciences}
}

@article{le2019soot,
  title={Soot Optical Band Gap Evaluated Through In-Situ And Ex-Situ Measurements As Tracer Of Soot Evolution In Premixed Flames: Soot Optical Band Gap Evaluated Through In-Situ And Ex-Situ Measurements As Tracer Of Soot Evolution In Premixed Flames},
  author={Le, Kim Cuong and Russo, Carmela and T{\"o}r{\"o}k, Sandra and Apicella, Barbara and Tregrossi, Antonio and Bengtsson, Per-Erik and Ciajolo, Anna},
  year={2019}
}

@article{kelesidis2019soot,
  title={Soot light absorption and refractive index during agglomeration and surface growth},
  author={Kelesidis, Georgios A and Pratsinis, Sotiris E},
  journal={Proceedings of the Combustion Institute},
  volume={37},
  number={1},
  pages={1177--1184},
  year={2019},
  publisher={Elsevier}
}

@article{pinkowski2019multi,
  title={A multi-wavelength speciation framework for high-temperature hydrocarbon pyrolysis},
  author={Pinkowski, Nicolas H and Ding, Yiming and Johnson, Sarah E and Wang, Yu and Parise, Thomas C and Davidson, David F and Hanson, Ronald K},
  journal={Journal of Quantitative Spectroscopy and Radiative Transfer},
  volume={225},
  pages={180--205},
  year={2019},
  publisher={Elsevier}
}

@article{mei2019quantitative,
  title={Quantitative measurement of particle size distributions of carbonaceous nanoparticles during ethylene pyrolysis in a laminar flow reactor},
  author={Mei, Junyu and Wang, Mengda and You, Xiaoqing and Law, Chung K},
  journal={Combustion and Flame},
  volume={200},
  pages={15--22},
  year={2019},
  publisher={Elsevier}
}

@article{frenklach2019new,
  title={New form for reduced modeling of soot oxidation: Accounting for multi-site kinetics and surface reactivity},
  author={Frenklach, Michael},
  journal={Combustion and Flame},
  volume={201},
  pages={148--159},
  year={2019},
  publisher={Elsevier}
}