@article{park2005influence,
  title={Influence of surface characteristics of carbon blacks on cure and mechanical behaviors of rubber matrix compoundings},
  author={Park, Soo-Jin and Seo, Min-Kang and Nah, Changwoon},
  journal={Journal of colloid and interface science},
  volume={291},
  number={1},
  pages={229--235},
  year={2005},
  publisher={Elsevier}
}

@article{park2005aerosol,
  title={An aerosol model to predict size and structure of soot particles},
  author={Park, SH and Rogak, SN and Bushe, WK and Wen, JZ and Thomson, MJ},
  journal={Combustion Theory and Modelling},
  volume={9},
  number={3},
  pages={499--513},
  year={2005},
  publisher={Taylor \& Francis}
}

@article{singh2006numerical,
  title={Numerical simulation and sensitivity analysis of detailed soot particle size distribution in laminar premixed ethylene flames},
  author={Singh, Jasdeep and Patterson, Robert IA and Kraft, Markus and Wang, Hai},
  journal={Combustion and Flame},
  volume={145},
  number={1-2},
  pages={117--127},
  year={2006},
  publisher={Elsevier}
}

@article{smooke2005soot,
  title={Soot formation in laminar diffusion flames},
  author={Smooke, MD and Long, MB and Connelly, BC and Colket, MB and Hall, RJ},
  journal={Combustion and Flame},
  volume={143},
  number={4},
  pages={613--628},
  year={2005},
  publisher={Elsevier}
}

@article{violi2005relative,
  title={The relative roles of acetylene and aromatic precursors during soot particle inception},
  author={Violi, Angela and Voth, Gregory A and Sarofim, Adel F},
  journal={Proceedings of the Combustion Institute},
  volume={30},
  number={1},
  pages={1343--1351},
  year={2005},
  publisher={Elsevier}
}

@article{zhao2005particle,
  title={Particle size distribution function of incipient soot in laminar premixed ethylene flames: effect of flame temperature},
  author={Zhao, Bin and Yang, Zhiwei and Li, Zhigang and Johnston, Murray V and Wang, Hai},
  journal={Proceedings of the Combustion Institute},
  volume={30},
  number={1},
  pages={1441--1448},
  year={2005},
  publisher={Elsevier}
}

@article{oktem2005chemical,
  title={Chemical species associated with the early stage of soot growth in a laminar premixed ethylene--oxygen--argon flame},
  author={{\"O}ktem, Berk and Tolocka, Michael P and Zhao, Bin and Wang, Hai and Johnston, Murray V},
  journal={Combustion and Flame},
  volume={142},
  number={4},
  pages={364--373},
  year={2005},
  publisher={Elsevier}
}