@article{2020SciPy,
  author  = {Virtanen, Pauli and Gommers, Ralf and Oliphant, Travis E. and
            Haberland, Matt and Reddy, Tyler and Cournapeau, David and
            Burovski, Evgeni and Peterson, Pearu and Weckesser, Warren and
            Bright, Jonathan and {van der Walt}, St{\'e}fan J. and
            Brett, Matthew and Wilson, Joshua and Millman, K. Jarrod and
            Mayorov, Nikolay and Nelson, Andrew R. J. and Jones, Eric and
            Kern, Robert and Larson, Eric and Carey, C J and
            Polat, {\.I}lhan and Feng, Yu and Moore, Eric W. and
            {VanderPlas}, Jake and Laxalde, Denis and Perktold, Josef and
            Cimrman, Robert and Henriksen, Ian and Quintero, E. A. and
            Harris, Charles R. and Archibald, Anne M. and
            Ribeiro, Ant{\^o}nio H. and Pedregosa, Fabian and
            {van Mulbregt}, Paul and {SciPy 1.0 Contributors}},
  title   = {{{SciPy} 1.0: Fundamental Algorithms for Scientific
            Computing in Python}},
  journal = {Nature Methods},
  year    = {2020},
  volume  = {17},
  pages   = {261--272},
  adsurl  = {https://rdcu.be/b08Wh},
  doi     = {10.1038/s41592-019-0686-2},
}

@article{frenklach2020mechanism,
  title={On the mechanism of soot nucleation},
  author={Frenklach, Michael and Mebel, Alexander M},
  journal={Physical Chemistry Chemical Physics},
  volume={22},
  number={9},
  pages={5314--5331},
  year={2020},
  publisher={Royal Society of Chemistry}
}

@article{michelsen2020review,
  title={A review of terminology used to describe soot formation and evolution under combustion and pyrolytic conditions},
  author={Michelsen, Hope A and Colket, Meredith B and Bengtsson, Per-Erik and Dâ€™anna, Andrea and Desgroux, Pascale and Haynes, Brian S and Miller, J Houston and Nathan, Graham J and Pitsch, Heinz and Wang, Hai},
  journal={ACS nano},
  volume={14},
  number={10},
  pages={12470--12490},
  year={2020},
  publisher={ACS Publications}
}

@article{wei2020morphology,
  title={Morphology analysis of soot particles from a modern diesel engine fueled with different types of oxygenated fuels},
  author={Wei, Jiangjun and Zeng, Yang and Pan, Mingzhang and Zhuang, Yuan and Qiu, Liang and Zhou, Taotao and Liu, Yongqiang},
  journal={Fuel},
  volume={267},
  pages={117248},
  year={2020},
  publisher={Elsevier}
}

@article{russo2020optical,
  title={Optical band gap analysis of soot and organic carbon in premixed ethylene flames: comparison of in-situ and ex-situ absorption measurements},
  author={Russo, Carmela and Apicella, Barbara and Tregrossi, Antonio and Ciajolo, Anna and Le, Kim Cuong and T{\"o}r{\"o}k, Sandra and Bengtsson, Per-Erik},
  journal={Carbon},
  volume={158},
  pages={89--96},
  year={2020},
  publisher={Elsevier}
}

@article{amin2020morphology,
  title={Morphology of soot sampled from N2-diluted methane/air counterflow flames at elevated pressures via TEM imaging},
  author={Amin, Hafiz MF and Bennett, Anthony and Roberts, William L},
  journal={Combustion and Flame},
  volume={216},
  pages={92--99},
  year={2020},
  publisher={Elsevier}
}

@article{cassady2020thermal,
  title={The thermal decomposition of ethane},
  author={Cassady, Sean J and Choudhary, Rishav and Pinkowski, Nicolas H and Shao, Jiankun and Davidson, David F and Hanson, Ronald K},
  journal={Fuel},
  volume={268},
  pages={117409},
  year={2020},
  publisher={Elsevier}
}

@article{hou2020coagulation,
  title={On the coagulation efficiency of carbonaceous nanoparticles},
  author={Hou, Dingyu and Zong, Diyuan and Lindberg, Casper S and Kraft, Markus and You, Xiaoqing},
  journal={Journal of Aerosol Science},
  volume={140},
  pages={105478},
  year={2020},
  publisher={Elsevier}
}