@article{wang2013pah,
  title={A PAH growth mechanism and synergistic effect on PAH formation in counterflow diffusion flames},
  author={Wang, Yu and Raj, Abhijeet and Chung, Suk Ho},
  journal={Combustion and flame},
  volume={160},
  number={9},
  pages={1667--1676},
  year={2013},
  publisher={Elsevier}
}

@article{world2013health,
  title={Health Effects of Particulate Matter: Policy implications for countries in eastern Europe, Caucasus and central Asia},
  author={World Health Organization and others},
  year={2013},
  publisher={World Health Organization. Regional Office for Europe}
}

@article{rissler2013effective,
  title={Effective density characterization of soot agglomerates from various sources and comparison to aggregation theory},
  author={Rissler, Jenny and Messing, Maria E and Malik, Azhar I and Nilsson, Patrik T and Nordin, Erik Z and Bohgard, Mats and Sanati, Mehri and Pagels, Joakim H},
  journal={Aerosol Science and Technology},
  volume={47},
  number={7},
  pages={792--805},
  year={2013},
  publisher={Taylor \& Francis}
}

@article{ma2013soot,
  title={Soot oxidation kinetics: a comparison study of two tandem ion-mobility methods},
  author={Ma, X and Zangmeister, CD and Zachariah, MR},
  journal={The Journal of Physical Chemistry C},
  volume={117},
  number={20},
  pages={10723--10729},
  year={2013},
  publisher={ACS Publications}
}

@article{desgroux2013study,
  title={Study of the formation of soot and its precursors in flames using optical diagnostics},
  author={Desgroux, Pascale and Mercier, Xavier and Thomson, Kevin A},
  journal={Proceedings of the Combustion Institute},
  volume={34},
  number={1},
  pages={1713--1738},
  year={2013},
  publisher={Elsevier}
}


@article{nichols2013systematic,
  title={Systematic review of the effects of black carbon on cardiovascular disease among individuals with pre-existing disease},
  author={Nichols, Jennifer L and Owens, Elizabeth Oesterling and Dutton, Steven J and Luben, Thomas J},
  journal={International Journal of Public Health},
  volume={58},
  pages={707--724},
  year={2013},
  publisher={Springer}
}


@article{cuoci2013computational,
 title={A computational tool for the detailed kinetic modeling of laminar flames: Application to C2H4/CH4 coflow flames},
 author={Cuoci, Alberto and Frassoldati, Alessio and Faravelli, Tiziano and Ranzi, Eliseo},
 journal={Combustion and Flame},
 volume={160},
 number={5},
 pages={870--886},
 year={2013},
 publisher={Elsevier}
}