@article{gleason2021small,
  title={Small aromatic hydrocarbons control the onset of soot nucleation},
  author={Gleason, Kevin and Carbone, Francesco and Sumner, Andrew J and Drollette, Brian D and Plata, Desiree L and Gomez, Alessandro},
  journal={Combustion and Flame},
  volume={223},
  pages={398--406},
  year={2021},
  publisher={Elsevier}
}

@article{gleason2021pahs,
  title={PAHs controlling soot nucleation in 0.101â€”0.811 MPa ethylene counterflow diffusion flames},
  author={Gleason, Kevin and Carbone, Francesco and Gomez, Alessandro},
  journal={Combustion and Flame},
  volume={227},
  pages={384--395},
  year={2021},
  publisher={Elsevier}
}

@article{Kholghy2021,
   author = {M. R. Kholghy and G. A. Kelesidis},
   journal = {Combust. Flame},
   title = {Surface Growth, Coagulation and Oxidation of Soot by a Monodisperse Population Balance Model},
   year = {2021},
}

@article{xu2021experimental,
  title={An experimental and modeling study on sooting characteristics of laminar counterflow diffusion flames with partial premixing},
  author={Xu, Lei and Yan, Fuwu and Zhou, Mengxiang and Wang, Yu},
  journal={Energy},
  volume={218},
  pages={119479},
  year={2021},
  publisher={Elsevier}
}

@article{kholghy2021surface,
  title={Surface growth, coagulation and oxidation of soot by a monodisperse population balance model},
  author={Kholghy, M Reza and Kelesidis, Georgios A},
  journal={Combustion and Flame},
  volume={227},
  pages={456--463},
  year={2021},
  publisher={Elsevier}
}


@article{araki2021effects,
  title={Effects of carrier gas on the properties of soot produced by ethylene pyrolysis},
  author={Araki, Yoichiro and Matsukawa, Yoshiya and Saito, Yasuhiro and Matsushita, Yohsuke and Aoki, Hideyuki and Era, Koki and Aoki, Takayuki},
  journal={Fuel Processing Technology},
  volume={213},
  pages={106673},
  year={2021},
  publisher={Elsevier}
}

@article{sun2021modelling,
  title={Modelling of soot coalescence and aggregation with a two-population balance equation model and a conservative finite volume method},
  author={Sun, Binxuan and Rigopoulos, Stelios and Liu, Anxiong},
  journal={Combustion and Flame},
  volume={229},
  pages={111382},
  year={2021},
  publisher={Elsevier}
}

@article{kelesidis2021self,
  title={Self-preserving size distribution and collision frequency of flame-made nanoparticles in the transition regime},
  author={Kelesidis, Georgios A and Goudeli, Eirini},
  journal={Proceedings of the Combustion Institute},
  volume={38},
  number={1},
  pages={1233--1240},
  year={2021},
  publisher={Elsevier}
}

@article{kelesidis2021perspective,
  title={A perspective on gas-phase synthesis of nanomaterials: Process design, impact and outlook},
  author={Kelesidis, Georgios A and Pratsinis, Sotiris E},
  journal={Chemical Engineering Journal},
  volume={421},
  pages={129884},
  year={2021},
  publisher={Elsevier}
}

@article{sipkens2021using,
  title={Using k-means to identify soot aggregates in transmission electron microscopy images},
  author={Sipkens, TA and Rogak, SN},
  journal={Journal of Aerosol Science},
  volume={152},
  pages={105699},
  year={2021},
  publisher={Elsevier}
}

@article{kelesidis2021determination,
  title={Determination of the volume fraction of soot accounting for its composition and morphology},
  author={Kelesidis, Georgios A and Pratsinis, Sotiris E},
  journal={Proceedings of the Combustion Institute},
  volume={38},
  number={1},
  pages={1189--1196},
  year={2021},
  publisher={Elsevier}
}

@article{mei2021formation,
  title={Formation of nascent soot during very fuel-rich oxidation of ethylene at low temperatures},
  author={Mei, Junyu and Zhou, Yuxin and You, Xiaoqing and Law, Chung K},
  journal={Combustion and Flame},
  volume={226},
  pages={31--41},
  year={2021},
  publisher={Elsevier}
}

@article{michelsen2021effects,
  title={Effects of maturity and temperature on soot density and specific heat},
  author={Michelsen, Hope A},
  journal={Proceedings of the Combustion Institute},
  volume={38},
  number={1},
  pages={1197--1205},
  year={2021},
  publisher={Elsevier}
}

@article{kholghy2021morphology,
  title={Morphology, composition and optical properties of jet engine-like soot made by a spray flame},
  author={Kholghy, M Reza and DeRosa, Valentina G},
  journal={Combustion and Flame},
  volume={231},
  pages={111480},
  year={2021},
  publisher={Elsevier}
}