@misc{HansonGroupShockTube,
  title = {Hanson Research Group Shock Tubes},
  howpublished = {\url{https://hanson.stanford.edu/our-approaches/shock-tubes}},
  note = {Accessed: 2024-05-24}
}