@article{saggese2015kinetic,
  title={Kinetic modeling of particle size distribution of soot in a premixed burner-stabilized stagnation ethylene flame},
  author={Saggese, Chiara and Ferrario, Sara and Camacho, Joaquin and Cuoci, Alberto and Frassoldati, Alessio and Ranzi, Eliseo and Wang, Hai and Faravelli, Tiziano},
  journal={Combustion and Flame},
  volume={162},
  number={9},
  pages={3356--3369},
  year={2015},
  publisher={Elsevier}
}

@article{russo2015dehydrogenation,
  title={Dehydrogenation and growth of soot in premixed flames},
  author={Russo, C and Tregrossi, A and Ciajolo, A},
  journal={Proceedings of the Combustion Institute},
  volume={35},
  number={2},
  pages={1803--1809},
  year={2015},
  publisher={Elsevier}
}

@article{camacho2015mobility,
  title={Mobility size and mass of nascent soot particles in a benchmark premixed ethylene flame},
  author={Camacho, Joaquin and Liu, Changran and Gu, Chen and Lin, He and Huang, Zhen and Tang, Quanxi and You, Xiaoqing and Saggese, Chiara and Li, Yang and Jung, Heejung and others},
  journal={Combustion and Flame},
  volume={162},
  number={10},
  pages={3810--3822},
  year={2015},
  publisher={Elsevier}
}

@article{wang2015soot,
  title={Soot modeling of counterflow diffusion flames of ethylene-based binary mixture fuels},
  author={Wang, Yu and Raj, Abhijeet and Chung, Suk Ho},
  journal={Combustion and Flame},
  volume={162},
  number={3},
  pages={586--596},
  year={2015},
  publisher={Elsevier}
}

@article{salenbauch2015modeling,
  title={Modeling soot formation in premixed flames using an extended conditional quadrature method of moments},
  author={Salenbauch, Steffen and Cuoci, Alberto and Frassoldati, Alessio and Saggese, Chiara and Faravelli, Tiziano and Hasse, Christian},
  journal={Combustion and Flame},
  volume={162},
  number={6},
  pages={2529--2543},
  year={2015},
  publisher={Elsevier}
}

@article{yon2015simple,
  title={A simple semi-empirical model for effective density measurements of fractal aggregates},
  author={Yon, Jer{\^o}me and Bescond, A and Ouf, F-X},
  journal={Journal of Aerosol Science},
  volume={87},
  pages={28--37},
  year={2015},
  publisher={Elsevier}
}

@book{veshkini2015understanding,
  title={Understanding Soot Particle Growth Chemistry and Particle Sizing Using a Novel Soot Growth and Formation Model},
  author={Veshkini, Armin},
  year={2015},
  publisher={University of Toronto (Canada)}
}


@article{goudeli2015coagulation,
  title={Coagulation--Agglomeration of fractal-like particles: Structure and self-preserving size distribution},
  author={Goudeli, Eirini and Eggersdorfer, Maximilian L and Pratsinis, Sotiris E},
  journal={Langmuir},
  volume={31},
  number={4},
  pages={1320--1327},
  year={2015},
  publisher={ACS Publications}
}

@article{eaves2015importance,
  title={The importance of reversibility in modeling soot nucleation and condensation processes},
  author={Eaves, NA and Dworkin, SB and Thomson, MJ},
  journal={Proceedings of the Combustion Institute},
  volume={35},
  number={2},
  pages={1787--1794},
  year={2015},
  publisher={Elsevier}
}

@article{agafonov2015soot,
  title={Soot formation during the pyrolysis and oxidation of acetylene and ethylene in shock waves},
  author={Agafonov, GL and Bilera, IV and Vlasov, PA and Kolbanovskii, Yu A and Smirnov, VN and Tereza, AM},
  journal={Kinetics and Catalysis},
  volume={56},
  pages={12--30},
  year={2015},
  publisher={Springer}
}

@article{graves2015characterization,
  title={Characterization of particulate matter morphology and volatility from a compression-ignition natural-gas direct-injection engine},
  author={Graves, Brian and Olfert, Jason and Patychuk, Bronson and Dastanpour, Ramin and Rogak, Steven},
  journal={Aerosol Science and Technology},
  volume={49},
  number={8},
  pages={589--598},
  year={2015},
  publisher={Taylor \& Francis}
}

@article{camacho2015kinetics,
  title={Kinetics of nascent soot oxidation by molecular oxygen in a flow reactor},
  author={Camacho, Joaquin and Tao, Yujie and Wang, Hai},
  journal={Proceedings of the Combustion Institute},
  volume={35},
  number={2},
  pages={1887--1894},
  year={2015},
  publisher={Elsevier}
}

@article{olofsson2015evolution,
  title={Evolution of properties for aging soot in premixed flat flames studied by laser-induced incandescence and elastic light scattering},
  author={Olofsson, Nils-Erik and Simonsson, Johan and T{\"o}r{\"o}k, Sandra and Bladh, Henrik and Bengtsson, Per-Erik},
  journal={Applied Physics B},
  volume={119},
  pages={669--683},
  year={2015},
  publisher={Springer}
}

@article{yon2015radiative,
  title={On the radiative properties of soot aggregates part 1: Necking and overlapping},
  author={Yon, Jer{\^o}me and Bescond, A and Liu, Franklin},
  journal={Journal of Quantitative Spectroscopy and Radiative Transfer},
  volume={162},
  pages={197--206},
  year={2015},
  publisher={Elsevier}
}

@article{bejaoui2015measurements,
  title={Measurements and modeling of laser-induced incandescence of soot at different heights in a flat premixed flame},
  author={Bejaoui, Salma and Batut, S{\'e}bastien and Therssen, Eric and Lamoureux, Nathalie and Desgroux, Pascale and Liu, Fengshan},
  journal={Applied Physics B},
  volume={118},
  pages={449--469},
  year={2015},
  publisher={Springer}
}