@article{naseri2022simulating,
  title={Simulating yield and morphology of carbonaceous nanoparticles during fuel pyrolysis in laminar flow reactors enabled by reactive inception and aromatic adsorption},
  author={Naseri, Ali and Kholghy, M Reza and Juan, Neil A and Thomson, Murray J},
  journal={Combustion and Flame},
  volume={237},
  pages={111721},
  year={2022},
  publisher={Elsevier}
}

@misc{cantera,
    author = "David G. Goodwin and Harry K. Moffat and Ingmar Schoegl and Raymond L.
              Speth and Bryan W. Weber",
    title = "Cantera: An Object-oriented Software Toolkit for Chemical
             Kinetics, Thermodynamics, and Transport Processes",
    year = 2022,
    note = "Version 2.6.0",
    howpublished = "\url{https://www.cantera.org}",
    doi = {10.5281/zenodo.6387882}
}

@article{martin2022soot,
  title={Soot inception: Carbonaceous nanoparticle formation in flames},
  author={Martin, Jacob W and Salamanca, Maurin and Kraft, Markus},
  journal={Progress in Energy and Combustion Science},
  volume={88},
  pages={100956},
  year={2022},
  publisher={Elsevier}
}

@article{kelesidis2022porosity,
  title={Porosity and crystallinity dynamics of carbon black during internal and surface oxidation},
  author={Kelesidis, Georgios A and Rossi, Nicola and Pratsinis, Sotiris E},
  journal={Carbon},
  volume={197},
  pages={334--340},
  year={2022},
  publisher={Elsevier}
}

@article{kelesidis2022santoro,
  title={Santoro flame: The volume fraction of soot accounting for its morphology \& composition},
  author={Kelesidis, Georgios A and Pratsinis, Sotiris E},
  journal={Combustion and Flame},
  volume={240},
  pages={112025},
  year={2022},
  publisher={Elsevier}
}

@article{nobili2022modeling,
 title={Modeling soot particles as stable radicals: a chemical kinetic study on formation and oxidation. Part II. Soot oxidation in flow reactors and laminar flames},
 author={Nobili, Andrea and Pejpichestakul, Warumporn and Pelucchi, Matteo and Cuoci, Alberto and Cavallotti, Carlo and Faravelli, Tiziano},
 journal={Combustion and Flame},
 volume={243},
 pages={112072},
 year={2022},
 publisher={Elsevier}
}

@article{shepherd2022measurement,
  title={Measurement of gas-phase OH radical oxidation and film thickness of organic films at the air--water interface using material extracted from urban, remote and wood smoke aerosol},
  author={Shepherd, Rosalie H and King, Martin D and Rennie, Adrian R and Ward, Andrew D and Frey, Markus M and Brough, Neil and Eveson, Joshua and Del Vento, Sabino and Milsom, Adam and Pfrang, Christian and others},
  journal={Environmental Science: Atmospheres},
  volume={2},
  number={4},
  pages={574--590},
  year={2022},
  publisher={Royal Society of Chemistry}
}