@web_page{international2017,
   title = {International Carbon Black Association, Carbon black user’s guide},
   year = {2017},
}

@article{Kelesidis2017,
   author = {Georgios A. Kelesidis and Eirini Goudeli and Sotiris E. Pratsinis},
   issn = {00086223},
   journal = {Carbon},
   month = {9},
   pages = {527-535},
   title = {Morphology and mobility diameter of carbonaceous aerosols during agglomeration and surface growth},
   volume = {121},
   year = {2017},
}

@article{Kelesidis2017Flame,
   author = {Georgios A. Kelesidis and Eirini Goudeli and Sotiris E. Pratsinis},
   issn = {15407489},
   issue = {1},
   journal = {Proc Combust Inst .},
   pages = {29-50},
   title = {Flame synthesis of functional nanostructured materials and devices: Surface growth and aggregation},
   volume = {36},
   year = {2017},
}

@article{Carbone2017,
   author = {Francesco Carbone and Kevin Gleason and Alessandro Gomez},
   issn = {15562921},
   journal = {Combustion and Flame},
   keywords = {Flame sampling,GC/MS,Optical diagnostics,PAHs,Soot},
   pages = {315-328},
   title = {Probing gas-to-particle transition in a moderately sooting atmospheric pressure ethylene/air laminar premixed flame. Part I: gas phase and soot ensemble characterization},
   volume = {181},
   year = {2017},
}

@article{johansson2017evolution,
  title={Evolution of maturity levels of the particle surface and bulk during soot growth and oxidation in a flame},
  author={Johansson, KO and El Gabaly, F and Schrader, PE and Campbell, MF and Michelsen, HA},
  journal={Aerosol Science and Technology},
  volume={51},
  number={12},
  pages={1333--1344},
  year={2017},
  publisher={Taylor \& Francis}
}

@article{lapuerta2017morphological,
  title={Morphological analysis of soot agglomerates from biodiesel surrogates in a coflow burner},
  author={Lapuerta, Mag{\'\i}n and Barba, Javier and Sediako, Anton D and Kholghy, Mohammad Reza and Thomson, Murray J},
  journal={Journal of Aerosol Science},
  volume={111},
  pages={65--74},
  year={2017},
  publisher={Elsevier}
}

@article{desgroux2017comparative,
  title={Comparative study of the soot formation process in a “nucleation” and a “sooting” low pressure premixed methane flame},
  author={Desgroux, Pascale and Faccinetto, Alessandro and Mercier, Xavier and Mouton, Thomas and Karkar, Damien Aubagnac and El Bakali, Abderrahman},
  journal={Combustion and Flame},
  volume={184},
  pages={153--166},
  year={2017},
  publisher={Elsevier}
}

@article{betrancourt2017investigation,
  title={Investigation of the size of the incandescent incipient soot particles in premixed sooting and nucleation flames of n-butane using LII, HIM, and 1 nm-SMPS},
  author={Betrancourt, Christopher and Liu, Fengshan and Desgroux, Pascale and Mercier, Xavier and Faccinetto, Alessandro and Salamanca, Maurin and Ruwe, Lena and Kohse-H{\"o}inghaus, Katharina and Emmrich, Daniel and Beyer, Andr{\'e} and others},
  journal={Aerosol Science and Technology},
  volume={51},
  number={8},
  pages={916--935},
  year={2017},
  publisher={Taylor \& Francis}
}

@article{michelsen2017probing,
  title={Probing soot formation, chemical and physical evolution, and oxidation: A review of in situ diagnostic techniques and needs},
  author={Michelsen, Hope A},
  journal={Proceedings of the Combustion Institute},
  volume={36},
  number={1},
  pages={717--735},
  year={2017},
  publisher={Elsevier}
}

@book{kee2017chemically,
  title={Chemically reacting flow: theory, modeling, and simulation},
  author={Kee, Robert J and Coltrin, Michael E and Glarborg, Peter and Zhu, Huayang},
  year={2017},
  publisher={John Wiley \& Sons}
}

@article{dastanpour2017variation,
  title={Variation of the optical properties of soot as a function of particle mass},
  author={Dastanpour, Ramin and Momenimovahed, Ali and Thomson, Kevin and Olfert, Jason and Rogak, Steven},
  journal={Carbon},
  volume={124},
  pages={201--211},
  year={2017},
  publisher={Elsevier}
}

@article{ono2017experimental,
  title={Experimental evidence for the sintering of primary soot particles},
  author={Ono, Kiminori and Dewa, Kazuki and Matsukawa, Yoshiya and Saito, Yasuhiro and Matsushita, Yohsuke and Aoki, Hideyuki and Era, Koki and Aoki, Takayuki and Yamaguchi, Togo},
  journal={Journal of Aerosol Science},
  volume={105},
  pages={1--9},
  year={2017},
  publisher={Elsevier}
}

@article{kholghy2017comparison,
  title={Comparison of multiple diagnostic techniques to study soot formation and morphology in a diffusion flame},
  author={Kholghy, Mohammad Reza and Afarin, Yashar and Sediako, Anton D and Barba, Javier and Lapuerta, Mag{\'\i}n and Chu, Carson and Weingarten, Jason and Borshanpour, Bobby and Chernov, Victor and Thomson, Murray J},
  journal={Combustion and Flame},
  volume={176},
  pages={567--583},
  year={2017},
  publisher={Elsevier}
}

@article{doner2017impact,
  title={Impact of morphology on the radiative properties of fractal soot aggregates},
  author={Doner, Nimeti and Liu, Fengshan},
  journal={Journal of Quantitative Spectroscopy and Radiative Transfer},
  volume={187},
  pages={10--19},
  year={2017},
  publisher={Elsevier}
}

@article{niranjan2017toxicological,
  title={The toxicological mechanisms of environmental soot (black carbon) and carbon black: focus on oxidative stress and inflammatory pathways},
  author={Niranjan, Rituraj and Thakur, Ashwani Kumar},
  journal={Frontiers in immunology},
  volume={8},
  pages={763},
  year={2017},
  publisher={Frontiers Media SA}
}

@article{li2017experimental,
  title={Experimental comparison of methane pyrolysis in thermal plasma},
  author={Li, Tianyang and Rehmet, Christophe and Cheng, Yan and Jin, Yong and Cheng, Yi},
  journal={Plasma Chemistry and Plasma Processing},
  volume={37},
  pages={1033--1049},
  year={2017},
  publisher={Springer}
}

@article{patlolla2023review,
  title={A review of methane pyrolysis technologies for hydrogen production},
  author={Patlolla, Shashank Reddy and Katsu, Kyle and Sharafian, Amir and Wei, Kevin and Herrera, Omar E and M{\'e}rida, Walter},
  journal={Renewable and Sustainable Energy Reviews},
  volume={181},
  pages={113323},
  year={2023},
  publisher={Elsevier}
}