@article{Norinaga2008,
   author = {Koyo Norinaga and Vinod M Janardhanan and Olaf Deutschmann},
   issn = {0538-8066},
   issue = {4},
   journal = {Int. J. Chem. Kinet.},
   pages = {199-208},
   publisher = {Wiley Online Library},
   title = {Detailed chemical kinetic modeling of pyrolysis of ethylene, acetylene, and propylene at 1073–1373 K with a plug‐flow reactor model},
   volume = {40},
   year = {2008},
}

@article{abid2008evolution,
  title={On evolution of particle size distribution functions of incipient soot in premixed ethylene--oxygen--argon flames},
  author={Abid, Aamir D and Heinz, Nicholas and Tolmachoff, Erik D and Phares, Denis J and Campbell, Charles S and Wang, Hai},
  journal={Combustion and Flame},
  volume={154},
  number={4},
  pages={775--788},
  year={2008},
  publisher={Elsevier}
}

@article{herdman2008intermolecular,
  title={Intermolecular potential calculations for polynuclear aromatic hydrocarbon clusters},
  author={Herdman, Jennifer D and Miller, J Houston},
  journal={The Journal of Physical Chemistry A},
  volume={112},
  number={28},
  pages={6249--6256},
  year={2008},
  publisher={ACS Publications}
}