@article{buesser2012design,
  title={Design of nanomaterial synthesis by aerosol processes},
  author={Buesser, Beat and Pratsinis, Sotiris E},
  journal={Annual review of chemical and biomolecular engineering},
  volume={3},
  pages={103--127},
  year={2012},
  publisher={Annual Reviews}
}

@article{sanchez2012polycyclic,
  title={Polycyclic aromatic hydrocarbon (PAH) and soot formation in the pyrolysis of acetylene and ethylene: effect of the reaction temperature},
  author={Sanchez, Nazly E and Callejas, Alicia and Millera, Angela and Bilbao, Rafael and Alzueta, Maria U},
  journal={Energy \& fuels},
  volume={26},
  number={8},
  pages={4823--4829},
  year={2012},
  publisher={ACS Publications}
}

@article{grohn2012fluid,
  title={Fluid-particle dynamics during combustion spray aerosol synthesis of ZrO2},
  author={Gr{\"o}hn, Arto J and Pratsinis, Sotiris E and Wegner, Karsten},
  journal={Chemical Engineering Journal},
  volume={191},
  pages={491--502},
  year={2012},
  publisher={Elsevier}
}

@article{eremin2012formation,
  title={Formation of carbon nanoparticles from the gas phase in shock wave pyrolysis processes},
  author={Eremin, Alexander V},
  journal={Progress in energy and combustion science},
  volume={38},
  number={1},
  pages={1--40},
  year={2012},
  publisher={Elsevier}
}