@article{cho2004conversion,
  title={Conversion of natural gas to hydrogen and carbon black by plasma and application of plasma carbon black},
  author={Cho, Wonihl and Lee, Seung-Ho and Ju, Woo-Sung and Baek, Youngsoon and Lee, Joong Kee},
  journal={Catalysis Today},
  volume={98},
  number={4},
  pages={633--638},
  year={2004},
  publisher={Elsevier}
}

@inproceedings{colket2004modeling,
  title={Modeling soot formation in a stirred reactor},
  author={Colket III, Meredith B and Hall, Robert J and Stouffer, Scott D},
  booktitle={Turbo Expo: Power for Land, Sea, and Air},
  volume={41669},
  pages={673--678},
  year={2004}
}

@article{tsantilis2004soft,
  title={Soft-and hard-agglomerate aerosols made at high temperatures},
  author={Tsantilis, Stavros and Pratsinis, Sotiris E},
  journal={Langmuir},
  volume={20},
  number={14},
  pages={5933--5939},
  year={2004},
  publisher={ACS Publications}
}

@article{vander2004soot,
  title={Soot nanostructure: dependence upon synthesis conditions},
  author={Vander Wal, Randy L and Tomasek, Aaron J},
  journal={Combustion and Flame},
  volume={136},
  number={1-2},
  pages={129--140},
  year={2004},
  publisher={Elsevier}
}

@article{borm2004inhaled,
  title={Inhaled particles and lung cancer, part B: paradigms and risk assessment},
  author={Borm, Paul JA and Schins, Roel PF and Albrecht, Catrin},
  journal={International journal of cancer},
  volume={110},
  number={1},
  pages={3--14},
  year={2004},
  publisher={Wiley Online Library}
}

@article{park2004novel,
	title={A novel fixed-sectional model for the formation and growth of aerosol agglomerates},
	author={Park, SH and Rogak, SN},
	journal={Journal of Aerosol Science},
	volume={35},
	number={11},
	pages={1385--1404},
	year={2004},
	publisher={Elsevier}
}