@article{grass2006design,
  title={Design of high-temperature, gas-phase synthesis of hard or soft TiO2 agglomerates},
  author={Grass, Robert N and Tsantilis, Stavros and Pratsinis, Sotiris E},
  journal={AIChE Journal},
  volume={52},
  number={4},
  pages={1318--1325},
  year={2006},
  publisher={Wiley Online Library}
}

@article{song2006examination,
  title={Examination of the oxidation behavior of biodiesel soot},
  author={Song, Juhun and Alam, Mahabubul and Boehman, Andr{\'e} L and Kim, Unjeong},
  journal={Combustion and flame},
  volume={146},
  number={4},
  pages={589--604},
  year={2006},
  publisher={Elsevier}
}

@article{bond2006light,
  title={Light absorption by carbonaceous particles: An investigative review},
  author={Bond, Tami C and Bergstrom, Robert W},
  journal={Aerosol science and technology},
  volume={40},
  number={1},
  pages={27--67},
  year={2006},
  publisher={Taylor \& Francis}
}

@article{moulin2008optical,
  title={Optical properties of soot nanoparticles},
  author={Moulin, F and Devel, Michel and Picaud, S},
  journal={Journal of Quantitative Spectroscopy and Radiative Transfer},
  volume={109},
  number={10},
  pages={1791--1801},
  year={2008},
  publisher={Elsevier}
}