@article{zhao2003measurement,
  title={Measurement and numerical simulation of soot particle size distribution functions in a laminar premixed ethylene-oxygen-argon flame},
  author={Zhao, Bin and Yang, Zhiwei and Johnston, Murray V and Wang, Hai and Wexler, Anthony S and Balthasar, Michael and Kraft, Markus},
  journal={Combustion and Flame},
  volume={133},
  number={1-2},
  pages={173--188},
  year={2003},
  publisher={Elsevier}
}