@article{clack2025,
	title={Shock tube study of methane pyrolysis for industrial production of hydrogen and carbon black},
	author={Gibson, Clark and Mishra, Naman and Rault, and Taylor M. and Streicher, Jesse W. and Wei, Chuyu and Zaczek, Luke T. and Hanson, Ronald K.},
	journal={in prepapration},
	year={2025},
}