@article{Spicer2002,
   author = {Patrick T Spicer and Olivier Chaoul and Stavros Tsantilis and Sotiris E Pratsinis},
   issn = {0021-8502},
   issue = {1},
   journal = {J. Aerosol Sci.},
   pages = {17-34},
   publisher = {Elsevier},
   title = {Titania formation by TiCl4 gas phase oxidation, surface growth and coagulation},
   volume = {33},
   year = {2002},
}

@article{frenklach2002reaction,
  title={Reaction mechanism of soot formation in flames},
  author={Frenklach, Michael},
  journal={Physical chemistry chemical Physics},
  volume={4},
  number={11},
  pages={2028--2037},
  year={2002},
  publisher={Royal Society of Chemistry}
}

@article{higgins2002size,
  title={Size-selected nanoparticle chemistry: Kinetics of soot oxidation},
  author={Higgins, Kelly J and Jung, Heejung and Kittelson, David B and Roberts, Jeffrey T and Zachariah, Michael R},
  journal={The Journal of Physical Chemistry A},
  volume={106},
  number={1},
  pages={96--103},
  year={2002},
  publisher={ACS Publications}
}

@inproceedings{stouffer2002combustion,
  title={Combustion particulates mitigation investigation using a well-stirred reactor},
  author={Stouffer, Scott and Striebich, Richard and Zelina, Joseph and Frayne, Charles},
  booktitle={38th AIAA/ASME/SAE/ASEE Joint Propulsion Conference \& Exhibit},
  pages={3723},
  year={2002}
}

@article{frenklach2002method,
  title={Method of moments with interpolative closure},
  author={Frenklach, Michael},
  journal={Chemical Engineering Science},
  volume={57},
  number={12},
  pages={2229--2239},
  year={2002},
  publisher={Elsevier}
}