@misc{cantera,
    author = "David G. Goodwin and Harry K. Moffat and Ingmar Schoegl and Raymond L.
              Speth and Bryan W. Weber",
    title = "Cantera: An Object-oriented Software Toolkit for Chemical
             Kinetics, Thermodynamics, and Transport Processes",
    year = 2023,
    note = "Version 3.0.0",
    howpublished = "\url{https://www.cantera.org}",
    doi = {10.5281/zenodo.8137090}
}

@article{fulcheri2023energy,
  title={An energy-efficient plasma methane pyrolysis process for high yields of carbon black and hydrogen},
  author={Fulcheri, Laurent and Rohani, Vandad-Julien and Wyse, Elliott and Hardman, Ned and Dames, Enoch},
  journal={International Journal of Hydrogen Energy},
  volume={48},
  number={8},
  pages={2920--2928},
  year={2023},
  publisher={Elsevier}
}

@article{matsukawa2023experimental,
  title={Experimental coalescence characteristic time of carbon nanoparticle produced from ethylene or benzene pyrolysis},
  author={Matsukawa, Yoshiya and Dewa, Kazuki and Era, Koki and Aoki, Takayuki and Aoki, Hideyuki},
  journal={Chemical Engineering Research and Design},
  volume={198},
  pages={403--412},
  year={2023},
  publisher={Elsevier}
}

@article{gleason2023soot,
  title={Soot nucleation in diffusion flames and the role of aromatic hydrocarbons},
  author={Gleason, Kevin and Gomez, Alessandro},
  journal={Combustion and Flame},
  volume={255},
  pages={112899},
  year={2023},
  publisher={Elsevier}
}

@article{zhu2023wide,
  title={A wide range experimental study and further development of a kinetic model describing propane oxidation},
  author={Zhu, Long and Panigrahy, Snehasish and Elliott, Sarah N and Klippenstein, Stephen J and Baigmohammadi, Mohammadreza and Mohamed, A Abd El-Sabor and Hargis, Joshua W and Alturaifi, Sulaiman and Mathieu, Olivier and Petersen, Eric L and others},
  journal={Combustion and Flame},
  volume={248},
  pages={112562},
  year={2023},
  publisher={Elsevier}
}

@article{wang2023systematic,
  title={A systematic analysis of chemical mechanisms for ethylene oxidation and PAH formation},
  author={Wang, Yiqing and Han, Wang and Zirwes, Thorsten and Attili, Antonio and Cai, Liming and Bockhorn, Henning and Yang, Lijun and Chen, Zheng},
  journal={Combustion and Flame},
  volume={253},
  pages={112784},
  year={2023},
  publisher={Elsevier}
}

@incollection{dames2023plasma,
  title={Plasma chemistry and plasma reactors for turquoise hydrogen and carbon nanomaterials production},
  author={Dames, Enoch and Rohani, Vandad and Fulcheri, Laurent},
  booktitle={Advances in Chemical Engineering},
  volume={61},
  pages={253--317},
  year={2023},
  publisher={Elsevier}
}

@Misc{ZDV2023,
  author  = {Zhang, Yue and Dong, Wendi and Vandewalle, Laurien and Xu, Rui and Smith, Gregory and Wang, Hai},
  title   = {Foundational {Fuel} {Chemistry} {Model} {Version} 2.0 ({FFCM}-2)},
  journal = {FFCM-2 website},
  url     = "https://web.stanford.edu/group/haiwanglab/FFCM2",
  year    = {2023},
}


@article{ramalli2023automatic,
  title={Automatic validation and analysis of predictive models by means of big data and data science},
  author={Ramalli, Edoardo and Dinelli, Timoteo and Nobili, Andrea and Stagni, Alessandro and Pernici, Barbara and Faravelli, Tiziano},
  journal={Chemical Engineering Journal},
  volume={454},
  pages={140149},
  year={2023},
  publisher={Elsevier}
}