@article{kholghy2018reactive,
  title={Reactive polycyclic aromatic hydrocarbon dimerization drives soot nucleation},
  author={Kholghy, Mohammad R and Kelesidis, Georgios A and Pratsinis, Sotiris E},
  journal={Physical Chemistry Chemical Physics},
  volume={20},
  number={16},
  pages={10926--10938},
  year={2018},
  publisher={Royal Society of Chemistry}
}

@article{singh2018nanostructure,
  title={Nanostructure quantification of carbon blacks},
  author={Singh, Madhu and Vander Wal, Randy L},
  journal={C},
  volume={5},
  number={1},
  pages={2},
  year={2018},
  publisher={MDPI}
}

@article{gleason2018effect,
  title={Effect of temperature on soot inception in highly controlled counterflow ethylene diffusion flames},
  author={Gleason, Kevin and Carbone, Francesco and Gomez, Alessandro},
  journal={Combustion and Flame},
  volume={192},
  pages={283--294},
  year={2018},
  publisher={Elsevier}
}

@article{aubagnac2018soot,
  title={Soot particles inception and PAH condensation modelling applied in a soot model utilizing a sectional method},
  author={Aubagnac-Karkar, Damien and El Bakali, Abderrahman and Desgroux, Pascale},
  journal={Combustion and Flame},
  volume={189},
  pages={190--206},
  year={2018},
  publisher={Elsevier}
}

@article{martin2018flexoelectricity,
  title={Flexoelectricity and the formation of carbon nanoparticles in flames},
  author={Martin, Jacob W and Botero, Maria and Slavchov, Radomir I and Bowal, Kimberly and Akroyd, Jethro and Mosbach, Sebastian and Kraft, Markus},
  journal={The Journal of Physical Chemistry C},
  volume={122},
  number={38},
  pages={22210--22215},
  year={2018},
  publisher={ACS Publications}
}

@article{johansson2018resonance,
  title={Resonance-stabilized hydrocarbon-radical chain reactions may explain soot inception and growth},
  author={Johansson, KO and Head-Gordon, MP and Schrader, PE and Wilson, KR and Michelsen, HA},
  journal={Science},
  volume={361},
  number={6406},
  pages={997--1000},
  year={2018},
  publisher={American Association for the Advancement of Science}
}

@book{donnet2018carbon,
  title={Carbon black: science and technology},
  author={Donnet, Jean-Baptiste},
  year={2018},
  publisher={Routledge}
}