@article{hellmuth2024role,
  title={The role of C3 and C4 species in forming naphthalene in counterflow diffusion flames},
  author={Hellmuth, Maximilian and Langer, Raymond and Meraviglia, Anita and Beeckmann, Joachim and Pitsch, Heinz},
  journal={Proceedings of the Combustion Institute},
  volume={40},
  number={1-4},
  pages={105620},
  year={2024},
  publisher={Elsevier}
}

@article{rosner2024techno,
	title={Techno-economic and carbon dioxide emission assessment of carbon black production},
	author={Rosner, Fabian and Bhagde, Trisha and Slaughter, Daniel S and Zorba, Vassilia and Stokes-Draut, Jennifer},
	journal={Journal of Cleaner Production},
	volume={436},
	pages={140224},
	year={2024},
	publisher={Elsevier}
}