@misc{fuchs1965mechanics,
  title={The mechanics of aerosols},
  author={Fuchs, Nikolaj A and Daisley, RE and Fuchs, Marina and Davies, CN and Straumanis, ME},
  year={1965},
  publisher={American Institute of Physics}
}

@article{lai1972self,
  title={The self-preserving particle size distribution for Brownian coagulation in the free-molecule regime},
  author={Lai, FS and Friedlander, SK and Pich, J and Hidy, GM},
  journal={Journal of Colloid and Interface Science},
  volume={39},
  number={2},
  pages={395--405},
  year={1972},
  publisher={Elsevier}
}

@inproceedings{karasevich1994soot,
  title={Soot formation at elevated pressures and carbon concentrations in hydrocarbon pyrolysis},
  author={Karasevich, Yu and Tanke, D and Tappe, M and Thienel, Th and Wagner, H Gg and others},
  booktitle={Symposium (International) on Combustion},
  volume={25},
  number={1},
  pages={627--634},
  year={1994},
  organization={Elsevier}
}

@article{fussey1978shock,
  title={A shock-tube study of induction times in the formation of carbon particles by pyrolysis of the C2 hydrocarbons},
  author={Fussey, DE and Gosling, AJ and Lampard, D},
  journal={Combustion and Flame},
  volume={32},
  pages={181--192},
  year={1978},
  publisher={Elsevier}
}

@article{fenimore1967oxidation,
  title={Oxidation of soot by hydroxyl radicals},
  author={Fenimore, Charles P and Jones, George Wallace},
  journal={The Journal of physical chemistry},
  volume={71},
  number={3},
  pages={593--597},
  year={1967},
  publisher={ACS Publications}
}

@article{lee1962rate,
  title={On the rate of combustion of soot in a laminar soot flame},
  author={Lee, KB and Thring, MW and Beer, JM},
  journal={Combustion and Flame},
  volume={6},
  pages={137--145},
  year={1962},
  publisher={Elsevier}
}

@inproceedings{nagle1962oxidation,
  title={Oxidation of carbon between 1000--2000 C},
  author={Nagle, J and Strickland-Constable, RF},
  booktitle={Proceedings of the fifth conference on carbon},
  pages={154--164},
  year={1962},
  organization={Elsevier}
}

@inproceedings{lee1981optical,
  title={Optical constants of soot in hydrocarbon flames},
  author={Lee, SC and Tien, CL},
  booktitle={Symposium (international) on combustion},
  volume={18},
  number={1},
  pages={1159--1166},
  year={1981},
  organization={Elsevier}
}

@article{fuchs1964mechanics,
  title={The Mechanics of Aerosol Pergamon},
  author={Fuchs, NA},
  journal={New York},
  year={1964}
}

@article{berger1977mass,
  title={Mass transfer in turbulent pipe flow measured by the electrochemical method},
  author={Berger, FP and Hau, K-FF-L},
  journal={International Journal of Heat and Mass Transfer},
  volume={20},
  number={11},
  pages={1185--1194},
  year={1977},
  publisher={Elsevier}
}