@article{blanquart2009chemical,
  title={Chemical mechanism for high temperature combustion of engine relevant fuels with emphasis on soot precursors},
  author={Blanquart, G and Pepiot-Desjardins, P and Pitsch, H},
  journal={Combustion and Flame},
  volume={156},
  number={3},
  pages={588--607},
  year={2009},
  publisher={Elsevier}
}


@article{blanquart2009analyzing,
  title={Analyzing the effects of temperature on soot formation with a joint volume-surface-hydrogen model},
  author={Blanquart, G and Pitsch, H},
  journal={Combustion and Flame},
  volume={156},
  number={8},
  pages={1614--1626},
  year={2009},
  publisher={Elsevier}
}

@article{d2009combustion,
  title={Combustion-formed nanoparticles},
  author={D’Anna, Andrea},
  journal={Proceedings of the Combustion Institute},
  volume={32},
  number={1},
  pages={593--613},
  year={2009},
  publisher={Elsevier}
}

@article{blanquart2009joint,
  title={A joint volume-surface-hydrogen multi-variate model for soot formation},
  author={Blanquart, Guillaume and Pitsch, Heinz},
  journal={Combustion generated fine carbonaceous particles},
  pages={437--463},
  year={2009},
  publisher={KIT Scientific Publishing Karlsruhe, Germany}
}

@article{abid2009quantitative,
  title={Quantitative measurement of soot particle size distribution in premixed flames--the burner-stabilized stagnation flame approach},
  author={Abid, Aamir D and Camacho, Joaquin and Sheen, David A and Wang, Hai},
  journal={Combustion and Flame},
  volume={156},
  number={10},
  pages={1862--1870},
  year={2009},
  publisher={Elsevier}
}

@book{d2009nanoparticles,
  title={Nanoparticles of organic carbon (NOC) formed in flames and their effects in urban atmospheres},
  author={D’alessio, A and D’Anna, Andrea and Minutolo, P and Sgro, LA and others},
  year={2009},
  publisher={Karlsruhe University Press, Karlsruhe}
}

@article{alfe2009structure,
  title={Structure--property relationship in nanostructures of young and mature soot in premixed flames},
  author={Alf{\`e}, M and Apicella, B and Barbella, Rouzaud and Rouzaud, J-N and Tregrossi, A and Ciajolo, A},
  journal={Proceedings of the Combustion Institute},
  volume={32},
  number={1},
  pages={697--704},
  year={2009},
  publisher={Elsevier}
}

@article{happold2009soot,
  title={Soot precursors consisting of stacked pericondensed PAHs},
  author={Happold, Joachim and Grotheer, Horst-Henning and Aigner, Manfred},
  journal={Combustion generated fine carbonaceous particles},
  pages={275--285},
  year={2009},
  publisher={KIT Scientific Publishing Karlsruhe, Germany}
}

@article{wong2009molecular,
  title={Molecular dynamics simulations of PAH dimerization},
  author={Wong, David and Whitesides, R and Schuetz, CA and Frenklach, M},
  journal={Combustion Generated Fine Carbonaceous Particles},
  pages={247--257},
  year={2009},
  publisher={KIT Publishing: Karlsruhe}
}

@inproceedings{lighty2009soot,
  title={Soot oxidation},
  author={Lighty, JS and Romano, V and Sarofim, AF},
  booktitle={Combustion generated fine carbonaceous particles (proceedings of an international workshop held in Villa Orlandi, Anacapri, May 13e16, 2007). KIT Scientifc Publishing},
  pages={523--36},
  year={2009}
}

@article{zerbs2009influence,
  title={The influence of wavelength in extinction measurements and beam steering in laser-induced incandescence measurements in sooting flames},
  author={Zerbs, Jochen and Geigle, Klaus Peter and Lammel, Oliver and Hader, Joachim and Stirn, Ronnie and Hadef, Redjem and Meier, Wolfgang},
  journal={Applied Physics B},
  volume={96},
  pages={683--694},
  year={2009},
  publisher={Springer}
}

