@article{Wang2011,
   author = {Hai Wang},
   issn = {15407489},
   issue = {1},
   journal = {Proc Combust Inst.},
   pages = {41-67},
   title = {Formation of nascent soot and other condensed-phase materials in flames},
   volume = {33},
   year = {2011},
}

@article{pratsinis2011history,
  title={History of manufacture of fine particles in high-temperature aerosol reactors},
  author={Pratsinis, Sotiris E},
  journal={Aerosol science and technology: History and reviews},
  pages={475--507},
  year={2011},
  publisher={RTI International Research Triangle Park NC}
}

@article{giordana2011theoretical,
  title={Theoretical investigation of soot nanoparticle inception via polycyclic aromatic hydrocarbon coagulation (condensation): Energetic, structural, and electronic features},
  author={Giordana, Anna and Maranzana, Andrea and Tonachini, Glauco},
  journal={The Journal of Physical Chemistry C},
  volume={115},
  number={5},
  pages={1732--1739},
  year={2011},
  publisher={ACS Publications}
}


@article{cain2011evidence,
  title={Evidence of aliphatics in nascent soot particles in premixed ethylene flames},
  author={Cain, Jeremy P and Camacho, Joaquin and Phares, Denis J and Wang, Hai and Laskin, Alexander},
  journal={Proceedings of the Combustion Institute},
  volume={33},
  number={1},
  pages={533--540},
  year={2011},
  publisher={Elsevier}
}

@article{totton2012quantitative,
  title={A quantitative study of the clustering of polycyclic aromatic hydrocarbons at high temperatures},
  author={Totton, Tim S and Misquitta, Alston J and Kraft, Markus},
  journal={Physical chemistry chemical physics},
  volume={14},
  number={12},
  pages={4081--4094},
  year={2012},
  publisher={Royal Society of Chemistry}
}

@article{eremin2011size,
  title={Size dependence of complex refractive index function of growing nanoparticles},
  author={Eremin, A and Gurentsov, E and Popova, E and Priemchenko, K},
  journal={Applied Physics B},
  volume={104},
  pages={285--295},
  year={2011},
  publisher={Springer}
}

@article{cleon2011laser,
  title={Laser induced incandescence determination of the ratio of the soot absorption functions at 532 nm and 1064 nm in the nucleation zone of a low pressure premixed sooting flame},
  author={Cl{\'e}on, G and Amodeo, T and Faccinetto, A and Desgroux, P},
  journal={Applied Physics B},
  volume={104},
  number={2},
  pages={297--305},
  year={2011},
  publisher={Springer}
}

@article{agafonov2011soot,
  title={Soot formation in the pyrolysis of benzene, methylbenzene, and ethylbenzene in shock waves},
  author={Agafonov, GL and Vlasov, PA and Smirnov, VN},
  journal={Kinetics and Catalysis},
  volume={52},
  pages={358--370},
  year={2011},
  publisher={Springer}
}