@inproceedings{frenklach1991detailed,
  title={Detailed modeling of soot particle nucleation and growth},
  author={Frenklach, Michael and Wang, Hai},
  booktitle={Symposium (International) on Combustion},
  volume={23},
  number={1},
  pages={1559--1566},
  year={1991},
  organization={Elsevier}
}

@article{Xiong1993,
   author = {Yun Xiong and Sotiris E Pratsinis},
   issn = {0021-8502},
   issue = {3},
   journal = {J. Aerosol Sci.},
   pages = {283-300},
   publisher = {Elsevier},
   title = {Formation of agglomerate particles by coagulation and sintering—Part I. A two-dimensional solution of the population balance equation},
   volume = {24},
   year = {1993},
}


@article{bansal1993carbon,
  title={Carbon black},
  author={Bansal, Roop Chand and Wang, Meng-Jiao and Donnet, JB},
  journal={Science and Technology},
  volume={133},
  year={1993}
}

@book{mcbride1993coefficients,
  title={Coefficients for calculating thermodynamic and transport properties of individual species},
  author={McBride, Bonnie J},
  volume={4513},
  year={1993},
  publisher={National Aeronautics and Space Administration, Office of Management~…}
}

@inproceedings{ciajolo1998spectroscopic,
  title={Spectroscopic and compositional signatures of PAH-loaded mixtures in the soot inception region of a premixed ethylene flame},
  author={Ciajolo, Anna and Barbella, Rosalba and Tregrossi, Antonio and Bonfanti, Loretta},
  booktitle={Symposium (International) on Combustion},
  volume={27},
  number={1},
  pages={1481--1487},
  year={1998},
  organization={Elsevier}
}

@article{tregrossi1999combustion,
  title={The combustion of benzene in rich premixed flames at atmospheric pressure},
  author={Tregrossi, A and Ciajolo, A and Barbella, R},
  journal={Combustion and flame},
  volume={117},
  number={3},
  pages={553--561},
  year={1999},
  publisher={Elsevier}
}

@article{vemury1995self,
  title={Self-preserving size distributions of agglomerates},
  author={Vemury, Srinivas and Pratsinis, Sotiris E},
  journal={Journal of Aerosol Science},
  volume={26},
  number={2},
  pages={175--185},
  year={1995},
  publisher={Elsevier}
}

@article{woods1991soot,
  title={Soot surface growth at active sites},
  author={Woods, IT and Haynes, BS},
  journal={Combustion and flame},
  volume={85},
  number={3-4},
  pages={523--525},
  year={1991},
  publisher={Elsevier}
}

@article{matsoukas1991dynamics,
  title={Dynamics of aerosol agglomerate formation},
  author={Matsoukas, Themis and Friedlander, Sheldon K},
  journal={Journal of Colloid and Interface Science},
  volume={146},
  number={2},
  pages={495--506},
  year={1991},
  publisher={Elsevier}
}

@article{kazakov1998dynamic,
  title={Dynamic modeling of soot particle coagulation and aggregation: Implementation with the method of moments and application to high-pressure laminar premixed flames},
  author={Kazakov, Andrei and Frenklach, Michael},
  journal={Combustion and flame},
  volume={114},
  number={3-4},
  pages={484--501},
  year={1998},
  publisher={Elsevier}
}

@article{kruis1993simple,
  title={A simple model for the evolution of the characteristics of aggregate particles undergoing coagulation and sintering},
  author={Kruis, F Einar and Kusters, Karl A and Pratsinis, Sotiris E and Scarlett, Brian},
  journal={Aerosol science and technology},
  volume={19},
  number={4},
  pages={514--526},
  year={1993},
  publisher={Taylor \& Francis}
}

@incollection{lindstedt1994simplified,
  title={Simplified soot nucleation and surface growth steps for non-premixed flames},
  author={Lindstedt, Peter R},
  booktitle={Soot formation in combustion: mechanisms and models},
  pages={417--441},
  year={1994},
  publisher={Springer}
}

@article{kellerer1996soot,
  title={Soot formation in a shock tube under elevated pressure conditions},
  author={Kellerer, H and M{\"u}ller, A and Bauer, H-J and Wittig, S},
  journal={Combustion science and technology},
  volume={113},
  number={1},
  pages={67--80},
  year={1996},
  publisher={Taylor \& Francis}
}

@inproceedings{knorre1996soot,
  title={Soot formation in the pyrolysis of bezene/acetylene and acetylene/hydrogen mixtures at high carbon concentrations},
  author={Knorre, V Gg and Tanke, Dietmar and Thienel, Th and Wagner, H Gg},
  booktitle={Symposium (international) on combustion},
  volume={26},
  number={2},
  pages={2303--2310},
  year={1996},
  organization={Elsevier}
}

@article{xu1997soot,
  title={Soot formation in laminar premixed ethylene/air flames at atmospheric pressure},
  author={Xu, F and Sunderland, PB and Faeth, GM},
  journal={Combustion and Flame},
  volume={108},
  number={4},
  pages={471--493},
  year={1997},
  publisher={Elsevier}
}

@article{castaldi1996pah,
  title={PAH formation in the premixed flame of ethane},
  author={Castaldi, Marco J and SENKAW, SELIM M},
  journal={Combustion science and technology},
  volume={116},
  number={1-6},
  pages={167--181},
  year={1996},
  publisher={Taylor \& Francis}
}

@article{shaddix1996laser,
  title={Laser-induced incandescence measurements of soot production in steady and flickering methane, propane, and ethylene diffusion flames},
  author={Shaddix, Christopher R and Smyth, Kermit C},
  journal={Combustion and flame},
  volume={107},
  number={4},
  pages={418--452},
  year={1996},
  publisher={Elsevier}
}

@article{homann1998fullerenes,
  title={Fullerenes and soot formation—new pathways to large particles in flames},
  author={Homann, Klaus-Heinrich},
  journal={Angewandte Chemie International Edition},
  volume={37},
  number={18},
  pages={2434--2451},
  year={1998},
  publisher={Wiley Online Library}
}

@article{bartok1991fossil,
  title={Fossil fuel combustion: a source book},
  author={Bartok, William and Sarofim, Adel F},
  year={1991},
  publisher={John Wiley \& Sons, New York, NY (United States)}
}

@article{neeft1997kinetics,
  title={Kinetics of the oxidation of diesel soot},
  author={Neeft, John PA and Nijhuis, T Xander and Smakman, Erik and Makkee, Michiel and Moulijn, Jacob A},
  journal={Fuel},
  volume={76},
  number={12},
  pages={1129--1136},
  year={1997},
  publisher={Elsevier}
}

@article{puri1993aerosol,
  title={Aerosol dynamic processes of soot aggregates in a laminar ethene diffusion flame},
  author={Puri, RTFRJRA and Richardson, TF and Santoro, RJ and Dobbins, RA},
  journal={Combustion and flame},
  volume={92},
  number={3},
  pages={320--333},
  year={1993},
  publisher={Elsevier}
}

@article{ishiguro1991microstructural,
  title={Microstructural changes of diesel soot during oxidation},
  author={Ishiguro, Tomoji and Suzuki, Noritomo and Fujitani, Yoshiyasu and Morimoto, Hidetake},
  journal={Combustion and Flame},
  volume={85},
  number={1-2},
  pages={1--6},
  year={1991},
  publisher={Elsevier}
}

@article{mcenally1997soot,
  title={Soot volume fraction and temperature measurements in laminar nonpremixed flames using thermocouples},
  author={McEnally, Charles S and K{\"o}yl{\"u}, {\"U}mit {\"O} and Pfefferle, Lisa D and Rosner, Daniel E},
  journal={Combustion and Flame},
  volume={109},
  number={4},
  pages={701--720},
  year={1997},
  publisher={Elsevier}
}

@article{shaddix1996laser,
  title={Laser-induced incandescence measurements of soot production in steady and flickering methane, propane, and ethylene diffusion flames},s
  author={Shaddix, Christopher R and Smyth, Kermit C},
  journal={Combustion and flame},
  volume={107},
  number={4},
  pages={418--452},
  year={1996},
  publisher={Elsevier}
}

@article{dalzell1969optical,
  title={Optical constants of soot and their application to heat-flux calculations},
  author={Dalzell, WH and Sarofim, AF},
  year={1969}
}

@article{tauc1966optical,
  title={Optical properties and electronic structure of amorphous germanium},
  author={Tauc, J and Grigorovici, Radu and Vancu, Anina},
  journal={physica status solidi (b)},
  volume={15},
  number={2},
  pages={627--637},
  year={1966},
  publisher={Wiley Online Library}
}

@article{robertson1987electronic,
  title={Electronic and atomic structure of amorphous carbon},
  author={Robertson, J and O’reilly, EP},
  journal={Physical Review B},
  volume={35},
  number={6},
  pages={2946},
  year={1987},
  publisher={APS}
}

@inproceedings{minutolo1996optical,
  title={The optical band gap model in the interpretation of the UV-visible absorption spectra of rich premixed flames},
  author={Minutolo, P and Gambi, G and D'alessio, A},
  booktitle={Symposium (International) on Combustion},
  volume={26},
  number={1},
  pages={951--957},
  year={1996},
  organization={Elsevier}
}

@article{leung1991simplified,
  title={A simplified reaction mechanism for soot formation in nonpremixed flames},
  author={Leung, Kin M and Lindstedt, Rune P and Jones, William P},
  journal={Combustion and flame},
  volume={87},
  number={3-4},
  pages={289--305},
  year={1991},
  publisher={Elsevier}
}


@article{xiong1993formation,
  title={Formation of agglomerate particles by coagulation and sintering—Part I. A two-dimensional solution of the population balance equation},
  author={Xiong, Yun and Pratsinis, Sotiris E},
  journal={Journal of Aerosol Science},
  volume={24},
  number={3},
  pages={283--300},
  year={1993},
  publisher={Elsevier}
}

@article{wang1991filtration,
  title={Filtration efficiency of nanometer-size aerosol particles},
  author={Wang, Hwa-Chi and Kasper, Gerhard},
  journal={Journal of Aerosol Science},
  volume={22},
  number={1},
  pages={31--41},
  year={1991},
  publisher={Elsevier}
}

@incollection{frenklach1994detailed,
 title={Detailed mechanism and modeling of soot particle formation},
 author={Frenklach, Michael and Wang, Hai},
 booktitle={Soot formation in combustion: mechanisms and models},
 pages={165--192},
 year={1994},
 publisher={Springer}
}
