@article{Palomares2010,
   author = {Verónica Palomares and Aintzane Goñi and Izaskun Gil De Muro and Iratxe De Meatza and Miguel Bengoechea and Igor Cantero and Teófilo Rojo},
   issn = {0378-7753},
   issue = {22},
   journal = {J. Power Sources},
   pages = {7661-7668},
   publisher = {Elsevier},
   title = {Conductive additive content balance in Li-ion battery cathodes: Commercial carbon blacks vs. in situ carbon from LiFePO4/C composites},
   volume = {195},
   year = {2010},
}

@article{sabbah2010exploring,
  title={Exploring the role of PAHs in the formation of soot: Pyrene dimerization},
  author={Sabbah, Hassan and Biennier, Ludovic and Klippenstein, Stephen J and Sims, Ian R and Rowe, Bertrand R},
  journal={The Journal of Physical Chemistry Letters},
  volume={1},
  number={19},
  pages={2962--2967},
  year={2010},
  publisher={ACS Publications}
}

@article{michelsen2010wavelength,
  title={Wavelength and temperature dependences of the absorption and scattering cross sections of soot},
  author={Michelsen, Hope A and Schrader, Paul E and Goulay, Fabien},
  journal={Carbon},
  volume={48},
  number={8},
  pages={2175--2191},
  year={2010},
  publisher={Elsevier}
}

@article{cain2010micro,
  title={Micro-FTIR study of soot chemical composition—evidence of aliphatic hydrocarbons on nascent soot surfaces},
  author={Cain, Jeremy P and Gassman, Paul L and Wang, Hai and Laskin, Alexander},
  journal={Physical Chemistry Chemical Physics},
  volume={12},
  number={20},
  pages={5206--5218},
  year={2010},
  publisher={Royal Society of Chemistry}
}