@article{watson2001carbon,
  title={Carbon black and soot: two different substances},
  author={Watson, Ann Y and Valberg, Peter A},
  journal={AIHAJ-American Industrial Hygiene Association},
  volume={62},
  number={2},
  pages={218--228},
  year={2001},
  publisher={Taylor \& Francis}
}