@misc{fuchs1965mechanics,
  title={The mechanics of aerosols},
  author={Fuchs, Nikolaj A and Daisley, RE and Fuchs, Marina and Davies, CN and Straumanis, ME},
  year={1965},
  publisher={American Institute of Physics}
}

@article{lai1972self,
  title={The self-preserving particle size distribution for Brownian coagulation in the free-molecule regime},
  author={Lai, FS and Friedlander, SK and Pich, J and Hidy, GM},
  journal={Journal of Colloid and Interface Science},
  volume={39},
  number={2},
  pages={395--405},
  year={1972},
  publisher={Elsevier}
}

@inproceedings{karasevich1994soot,
  title={Soot formation at elevated pressures and carbon concentrations in hydrocarbon pyrolysis},
  author={Karasevich, Yu and Tanke, D and Tappe, M and Thienel, Th and Wagner, H Gg and others},
  booktitle={Symposium (International) on Combustion},
  volume={25},
  number={1},
  pages={627--634},
  year={1994},
  organization={Elsevier}
}

@article{fussey1978shock,
  title={A shock-tube study of induction times in the formation of carbon particles by pyrolysis of the C2 hydrocarbons},
  author={Fussey, DE and Gosling, AJ and Lampard, D},
  journal={Combustion and Flame},
  volume={32},
  pages={181--192},
  year={1978},
  publisher={Elsevier}
}

@article{fenimore1967oxidation,
  title={Oxidation of soot by hydroxyl radicals},
  author={Fenimore, Charles P and Jones, George Wallace},
  journal={The Journal of physical chemistry},
  volume={71},
  number={3},
  pages={593--597},
  year={1967},
  publisher={ACS Publications}
}

@article{lee1962rate,
  title={On the rate of combustion of soot in a laminar soot flame},
  author={Lee, KB and Thring, MW and Beer, JM},
  journal={Combustion and Flame},
  volume={6},
  pages={137--145},
  year={1962},
  publisher={Elsevier}
}

@inproceedings{nagle1962oxidation,
  title={Oxidation of carbon between 1000--2000 C},
  author={Nagle, J and Strickland-Constable, RF},
  booktitle={Proceedings of the fifth conference on carbon},
  pages={154--164},
  year={1962},
  organization={Elsevier}
}

@inproceedings{lee1981optical,
  title={Optical constants of soot in hydrocarbon flames},
  author={Lee, SC and Tien, CL},
  booktitle={Symposium (international) on combustion},
  volume={18},
  number={1},
  pages={1159--1166},
  year={1981},
  organization={Elsevier}
}

@article{fuchs1964mechanics,
  title={The Mechanics of Aerosol Pergamon},
  author={Fuchs, NA},
  journal={New York},
  year={1964}
}

@article{berger1977mass,
  title={Mass transfer in turbulent pipe flow measured by the electrochemical method},
  author={Berger, FP and Hau, K-FF-L},
  journal={International Journal of Heat and Mass Transfer},
  volume={20},
  number={11},
  pages={1185--1194},
  year={1977},
  publisher={Elsevier}
}
@article{Oberlin1984,
   author = {A Oberlin},
   issn = {0008-6223},
   issue = {6},
   journal = {Carbon},
   pages = {521-541},
   publisher = {Elsevier},
   title = {Carbonization and graphitization},
   volume = {22},
   year = {1984},
}

@article{miller1984intermolecular,
  title={Intermolecular potential calculations for polycyclic aromatic hydrocarbons},
  author={Miller, J Houston and Mallard, W Gary and Smyth, Kermit C},
  journal={The Journal of Physical Chemistry},
  volume={88},
  number={21},
  pages={4963--4970},
  year={1984},
  publisher={ACS Publications}
}

@article{stein1985high,
  title={High-temperature stabilities of hydrocarbons},
  author={Stein, Stephen E and Fahr, A},
  journal={The Journal of Physical Chemistry},
  volume={89},
  number={17},
  pages={3714--3725},
  year={1985},
  publisher={ACS Publications}
}

@inproceedings{miller1985calculations,
  title={Calculations of the dimerization of aromatic hydrocarbons: Implications for soot formation},
  author={Miller, J Houston and Smyth, Kermit C and Mallard, W Gary},
  booktitle={Symposium (International) on Combustion},
  volume={20},
  number={1},
  pages={1139--1147},
  year={1985},
  organization={Elsevier}
}

@article{wu1988discrete,
  title={A discrete-sectional solution to the aerosol dynamic equation},
  author={Wu, Jin Jwang and Flagan, Richard C},
  journal={Journal of Colloid and interface Science},
  volume={123},
  number={2},
  pages={339--352},
  year={1988},
  publisher={Elsevier}
}

@article{mulholland1988cluster,
  title={Cluster size distribution for free molecular agglomeration},
  author={Mulholland, George W and Samson, RJ and Mountain, RD and Ernst, MH},
  journal={Energy \& Fuels},
  volume={2},
  number={4},
  pages={481--486},
  year={1988},
  publisher={ACS Publications}
}

@article{ball1984finite,
  title={Finite size effects in cluster-cluster aggregation},
  author={Ball, RC and Jullien, R},
  journal={Journal de Physique Lettres},
  volume={45},
  number={21},
  pages={1031--1035},
  year={1984},
  publisher={Les Editions de Physique}
}

@article{harris1985chemical,
  title={Chemical kinetics of soot particle growth},
  author={Harris, Stephen J and Weiner, Anita M},
  journal={Annual Review of Physical Chemistry},
  volume={36},
  number={1},
  pages={31--52},
  year={1985},
  publisher={Annual Reviews 4139 El Camino Way, PO Box 10139, Palo Alto, CA 94303-0139, USA}
}

@article{haynes1982surface,
  title={The surface growth phenomenon in soot formation},
  author={Haynes, BS and Wagner, H Gg},
  journal={Zeitschrift f{\"u}r Physikalische Chemie},
  volume={133},
  number={2},
  pages={201--213},
  year={1982},
  publisher={De Gruyter Oldenbourg}
}

@inproceedings{homann1985formation,
  title={Formation of large molecules, particulates and ions in premixed hydrocarbon flames; progress and unresolved questions},
  author={Homann, KH},
  booktitle={Symposium (International) on Combustion},
  volume={20},
  number={1},
  pages={857--870},
  year={1985},
  organization={Elsevier}
}

@article{dasch1985decay,
  title={The decay of soot surface growth reactivity and its importance in total soot formation},
  author={Dasch, Cameron J},
  journal={Combustion and flame},
  volume={61},
  number={3},
  pages={219--225},
  year={1985},
  publisher={Elsevier}
}

@inproceedings{miller1991kinetics,
  title={The kinetics of polynuclear aromatic hydrocarbon agglomeration in flames},
  author={Miller, J Houston},
  booktitle={Symposium (International) on Combustion},
  volume={23},
  number={1},
  pages={91--98},
  year={1991},
  organization={Elsevier}
}


@article{mountain1986simulation,
  title={Simulation of aerosol agglomeration in the free molecular and continuum flow regimes},
  author={Mountain, Raymond D and Mulholland, George W and Baum, Howard},
  journal={Journal of Colloid and Interface Science},
  volume={114},
  number={1},
  pages={67--81},
  year={1986},
  publisher={Elsevier}
}

@article{pratsinis1988simultaneous,
  title={Simultaneous nucleation, condensation, and coagulation in aerosol reactors},
  author={Pratsinis, Sotiris E},
  journal={Journal of colloid and interface science},
  volume={124},
  number={2},
  pages={416--427},
  year={1988},
  publisher={Elsevier}
}

@article{kim1988manufacture,
  title={Manufacture of optical waveguide preforms by modified chemical vapor deposition},
  author={Kim, Kyo-Seon and Pratsinis, Sotiris E},
  journal={AIChE journal},
  volume={34},
  number={6},
  pages={912--921},
  year={1988},
  publisher={Wiley Online Library}
}

@article{frenklach1987aerosol,
  title={Aerosol dynamics modeling using the method of moments},
  author={Frenklach, Michael and Harris, Stephen J},
  journal={Journal of colloid and interface science},
  volume={118},
  number={1},
  pages={252--261},
  year={1987},
  publisher={Elsevier}
}

@article{haaland1983simple,
  title={Simple and explicit formulas for the friction factor in turbulent pipe flow},
  author={Haaland, Skjalg E},
  year={1983},
  publisher={The American Society of Mechanical Engineers (ASME)}
}

@article{frenklach1988comment,
  title={Comment on the proposed role of spheroidal carbon clusters in soot formation},
  author={Frenklach, Michael and Ebert, Lawrence B},
  journal={The Journal of Physical Chemistry},
  volume={92},
  number={2},
  pages={561--563},
  year={1988},
  publisher={ACS Publications}
}

@inproceedings{fahr1989reactions,
  title={Reactions of vinyl and phenyl radicals with ethyne, ethene and benzene},
  author={Fahr, Askar and Stein, SE},
  booktitle={Symposium (International) on Combustion},
  volume={22},
  number={1},
  pages={1023--1029},
  year={1989},
  organization={Elsevier}
}

@article{neoh1981soot,
  title={Soot oxidation in flames},
  author={Neoh, KG and Howard, JB and Sarofim, AF},
  journal={Particulate carbon: formation during combustion},
  pages={261--282},
  year={1981},
  publisher={Springer}
}

@article{haynes1981soot,
  title={Soot formation},
  author={Haynes, Brian S and Wagner, H Gg},
  journal={Progress in energy and combustion science},
  volume={7},
  number={4},
  pages={229--273},
  year={1981},
  publisher={Elsevier}
}

@article{franklin1951crystallite,
  title={Crystallite growth in graphitizing and non-graphitizing carbons},
  author={Franklin, Rosalind E},
  journal={Proceedings of the Royal Society of London. Series A. Mathematical and Physical Sciences},
  volume={209},
  number={1097},
  pages={196--218},
  year={1951},
  publisher={The Royal Society London}
}

@inproceedings{lee1981optical,
  title={Optical constants of soot in hydrocarbon flames},
  author={Lee, SC and Tien, CL},
  booktitle={Symposium (international) on combustion},
  volume={18},
  number={1},
  pages={1159--1166},
  year={1981},
  organization={Elsevier}
}

@article{narsimhan1985brownian,
  title={The Brownian coagulation of aerosols over the entire range of Knudsen numbers: Connection between the sticking probability and the interaction forces},
  author={Narsimhan, Ganesan and Ruckenstein, Eli},
  journal={Journal of colloid and interface science},
  volume={104},
  number={2},
  pages={344--369},
  year={1985},
  publisher={Elsevier}
}
@inproceedings{frenklach1991detailed,
  title={Detailed modeling of soot particle nucleation and growth},
  author={Frenklach, Michael and Wang, Hai},
  booktitle={Symposium (International) on Combustion},
  volume={23},
  number={1},
  pages={1559--1566},
  year={1991},
  organization={Elsevier}
}

@article{Xiong1993,
   author = {Yun Xiong and Sotiris E Pratsinis},
   issn = {0021-8502},
   issue = {3},
   journal = {J. Aerosol Sci.},
   pages = {283-300},
   publisher = {Elsevier},
   title = {Formation of agglomerate particles by coagulation and sintering—Part I. A two-dimensional solution of the population balance equation},
   volume = {24},
   year = {1993},
}


@article{bansal1993carbon,
  title={Carbon black},
  author={Bansal, Roop Chand and Wang, Meng-Jiao and Donnet, JB},
  journal={Science and Technology},
  volume={133},
  year={1993}
}

@book{mcbride1993coefficients,
  title={Coefficients for calculating thermodynamic and transport properties of individual species},
  author={McBride, Bonnie J},
  volume={4513},
  year={1993},
  publisher={National Aeronautics and Space Administration, Office of Management~…}
}

@inproceedings{ciajolo1998spectroscopic,
  title={Spectroscopic and compositional signatures of PAH-loaded mixtures in the soot inception region of a premixed ethylene flame},
  author={Ciajolo, Anna and Barbella, Rosalba and Tregrossi, Antonio and Bonfanti, Loretta},
  booktitle={Symposium (International) on Combustion},
  volume={27},
  number={1},
  pages={1481--1487},
  year={1998},
  organization={Elsevier}
}

@article{tregrossi1999combustion,
  title={The combustion of benzene in rich premixed flames at atmospheric pressure},
  author={Tregrossi, A and Ciajolo, A and Barbella, R},
  journal={Combustion and flame},
  volume={117},
  number={3},
  pages={553--561},
  year={1999},
  publisher={Elsevier}
}

@article{vemury1995self,
  title={Self-preserving size distributions of agglomerates},
  author={Vemury, Srinivas and Pratsinis, Sotiris E},
  journal={Journal of Aerosol Science},
  volume={26},
  number={2},
  pages={175--185},
  year={1995},
  publisher={Elsevier}
}

@article{woods1991soot,
  title={Soot surface growth at active sites},
  author={Woods, IT and Haynes, BS},
  journal={Combustion and flame},
  volume={85},
  number={3-4},
  pages={523--525},
  year={1991},
  publisher={Elsevier}
}

@article{matsoukas1991dynamics,
  title={Dynamics of aerosol agglomerate formation},
  author={Matsoukas, Themis and Friedlander, Sheldon K},
  journal={Journal of Colloid and Interface Science},
  volume={146},
  number={2},
  pages={495--506},
  year={1991},
  publisher={Elsevier}
}

@article{kazakov1998dynamic,
  title={Dynamic modeling of soot particle coagulation and aggregation: Implementation with the method of moments and application to high-pressure laminar premixed flames},
  author={Kazakov, Andrei and Frenklach, Michael},
  journal={Combustion and flame},
  volume={114},
  number={3-4},
  pages={484--501},
  year={1998},
  publisher={Elsevier}
}

@article{kruis1993simple,
  title={A simple model for the evolution of the characteristics of aggregate particles undergoing coagulation and sintering},
  author={Kruis, F Einar and Kusters, Karl A and Pratsinis, Sotiris E and Scarlett, Brian},
  journal={Aerosol science and technology},
  volume={19},
  number={4},
  pages={514--526},
  year={1993},
  publisher={Taylor \& Francis}
}

@incollection{lindstedt1994simplified,
  title={Simplified soot nucleation and surface growth steps for non-premixed flames},
  author={Lindstedt, Peter R},
  booktitle={Soot formation in combustion: mechanisms and models},
  pages={417--441},
  year={1994},
  publisher={Springer}
}

@article{kellerer1996soot,
  title={Soot formation in a shock tube under elevated pressure conditions},
  author={Kellerer, H and M{\"u}ller, A and Bauer, H-J and Wittig, S},
  journal={Combustion science and technology},
  volume={113},
  number={1},
  pages={67--80},
  year={1996},
  publisher={Taylor \& Francis}
}

@inproceedings{knorre1996soot,
  title={Soot formation in the pyrolysis of bezene/acetylene and acetylene/hydrogen mixtures at high carbon concentrations},
  author={Knorre, V Gg and Tanke, Dietmar and Thienel, Th and Wagner, H Gg},
  booktitle={Symposium (international) on combustion},
  volume={26},
  number={2},
  pages={2303--2310},
  year={1996},
  organization={Elsevier}
}

@article{xu1997soot,
  title={Soot formation in laminar premixed ethylene/air flames at atmospheric pressure},
  author={Xu, F and Sunderland, PB and Faeth, GM},
  journal={Combustion and Flame},
  volume={108},
  number={4},
  pages={471--493},
  year={1997},
  publisher={Elsevier}
}

@article{castaldi1996pah,
  title={PAH formation in the premixed flame of ethane},
  author={Castaldi, Marco J and SENKAW, SELIM M},
  journal={Combustion science and technology},
  volume={116},
  number={1-6},
  pages={167--181},
  year={1996},
  publisher={Taylor \& Francis}
}

@article{shaddix1996laser,
  title={Laser-induced incandescence measurements of soot production in steady and flickering methane, propane, and ethylene diffusion flames},
  author={Shaddix, Christopher R and Smyth, Kermit C},
  journal={Combustion and flame},
  volume={107},
  number={4},
  pages={418--452},
  year={1996},
  publisher={Elsevier}
}

@article{homann1998fullerenes,
  title={Fullerenes and soot formation—new pathways to large particles in flames},
  author={Homann, Klaus-Heinrich},
  journal={Angewandte Chemie International Edition},
  volume={37},
  number={18},
  pages={2434--2451},
  year={1998},
  publisher={Wiley Online Library}
}

@article{bartok1991fossil,
  title={Fossil fuel combustion: a source book},
  author={Bartok, William and Sarofim, Adel F},
  year={1991},
  publisher={John Wiley \& Sons, New York, NY (United States)}
}

@article{neeft1997kinetics,
  title={Kinetics of the oxidation of diesel soot},
  author={Neeft, John PA and Nijhuis, T Xander and Smakman, Erik and Makkee, Michiel and Moulijn, Jacob A},
  journal={Fuel},
  volume={76},
  number={12},
  pages={1129--1136},
  year={1997},
  publisher={Elsevier}
}

@article{puri1993aerosol,
  title={Aerosol dynamic processes of soot aggregates in a laminar ethene diffusion flame},
  author={Puri, RTFRJRA and Richardson, TF and Santoro, RJ and Dobbins, RA},
  journal={Combustion and flame},
  volume={92},
  number={3},
  pages={320--333},
  year={1993},
  publisher={Elsevier}
}

@article{ishiguro1991microstructural,
  title={Microstructural changes of diesel soot during oxidation},
  author={Ishiguro, Tomoji and Suzuki, Noritomo and Fujitani, Yoshiyasu and Morimoto, Hidetake},
  journal={Combustion and Flame},
  volume={85},
  number={1-2},
  pages={1--6},
  year={1991},
  publisher={Elsevier}
}

@article{mcenally1997soot,
  title={Soot volume fraction and temperature measurements in laminar nonpremixed flames using thermocouples},
  author={McEnally, Charles S and K{\"o}yl{\"u}, {\"U}mit {\"O} and Pfefferle, Lisa D and Rosner, Daniel E},
  journal={Combustion and Flame},
  volume={109},
  number={4},
  pages={701--720},
  year={1997},
  publisher={Elsevier}
}

@article{shaddix1996laser,
  title={Laser-induced incandescence measurements of soot production in steady and flickering methane, propane, and ethylene diffusion flames},s
  author={Shaddix, Christopher R and Smyth, Kermit C},
  journal={Combustion and flame},
  volume={107},
  number={4},
  pages={418--452},
  year={1996},
  publisher={Elsevier}
}

@article{dalzell1969optical,
  title={Optical constants of soot and their application to heat-flux calculations},
  author={Dalzell, WH and Sarofim, AF},
  year={1969}
}

@article{tauc1966optical,
  title={Optical properties and electronic structure of amorphous germanium},
  author={Tauc, J and Grigorovici, Radu and Vancu, Anina},
  journal={physica status solidi (b)},
  volume={15},
  number={2},
  pages={627--637},
  year={1966},
  publisher={Wiley Online Library}
}

@article{robertson1987electronic,
  title={Electronic and atomic structure of amorphous carbon},
  author={Robertson, J and O’reilly, EP},
  journal={Physical Review B},
  volume={35},
  number={6},
  pages={2946},
  year={1987},
  publisher={APS}
}

@inproceedings{minutolo1996optical,
  title={The optical band gap model in the interpretation of the UV-visible absorption spectra of rich premixed flames},
  author={Minutolo, P and Gambi, G and D'alessio, A},
  booktitle={Symposium (International) on Combustion},
  volume={26},
  number={1},
  pages={951--957},
  year={1996},
  organization={Elsevier}
}

@article{leung1991simplified,
  title={A simplified reaction mechanism for soot formation in nonpremixed flames},
  author={Leung, Kin M and Lindstedt, Rune P and Jones, William P},
  journal={Combustion and flame},
  volume={87},
  number={3-4},
  pages={289--305},
  year={1991},
  publisher={Elsevier}
}


@article{xiong1993formation,
  title={Formation of agglomerate particles by coagulation and sintering—Part I. A two-dimensional solution of the population balance equation},
  author={Xiong, Yun and Pratsinis, Sotiris E},
  journal={Journal of Aerosol Science},
  volume={24},
  number={3},
  pages={283--300},
  year={1993},
  publisher={Elsevier}
}

@article{wang1991filtration,
  title={Filtration efficiency of nanometer-size aerosol particles},
  author={Wang, Hwa-Chi and Kasper, Gerhard},
  journal={Journal of Aerosol Science},
  volume={22},
  number={1},
  pages={31--41},
  year={1991},
  publisher={Elsevier}
}

@incollection{frenklach1994detailed,
 title={Detailed mechanism and modeling of soot particle formation},
 author={Frenklach, Michael and Wang, Hai},
 booktitle={Soot formation in combustion: mechanisms and models},
 pages={165--192},
 year={1994},
 publisher={Springer}
}

@article{appel2000kinetic,
  title={Kinetic modeling of soot formation with detailed chemistry and physics: laminar premixed flames of C2 hydrocarbons},
  author={Appel, J{\"o}rg and Bockhorn, Henning and Frenklach, Michael},
  journal={Combustion and flame},
  volume={121},
  number={1-2},
  pages={122--136},
  year={2000},
  publisher={Elsevier}
}


@article{hurt2000equilibrium,
  title={Equilibrium nanostructure of primary soot particles},
  author={Hurt, Robert H and Crawford, Gregory P and Shim, Hong-Shig},
  journal={Proceedings of the Combustion Institute},
  volume={28},
  number={2},
  pages={2539--2546},
  year={2000},
  publisher={Elsevier}
}
@article{watson2001carbon,
  title={Carbon black and soot: two different substances},
  author={Watson, Ann Y and Valberg, Peter A},
  journal={AIHAJ-American Industrial Hygiene Association},
  volume={62},
  number={2},
  pages={218--228},
  year={2001},
  publisher={Taylor \& Francis}
}
@article{Spicer2002,
   author = {Patrick T Spicer and Olivier Chaoul and Stavros Tsantilis and Sotiris E Pratsinis},
   issn = {0021-8502},
   issue = {1},
   journal = {J. Aerosol Sci.},
   pages = {17-34},
   publisher = {Elsevier},
   title = {Titania formation by TiCl4 gas phase oxidation, surface growth and coagulation},
   volume = {33},
   year = {2002},
}

@article{frenklach2002reaction,
  title={Reaction mechanism of soot formation in flames},
  author={Frenklach, Michael},
  journal={Physical chemistry chemical Physics},
  volume={4},
  number={11},
  pages={2028--2037},
  year={2002},
  publisher={Royal Society of Chemistry}
}

@article{higgins2002size,
  title={Size-selected nanoparticle chemistry: Kinetics of soot oxidation},
  author={Higgins, Kelly J and Jung, Heejung and Kittelson, David B and Roberts, Jeffrey T and Zachariah, Michael R},
  journal={The Journal of Physical Chemistry A},
  volume={106},
  number={1},
  pages={96--103},
  year={2002},
  publisher={ACS Publications}
}

@inproceedings{stouffer2002combustion,
  title={Combustion particulates mitigation investigation using a well-stirred reactor},
  author={Stouffer, Scott and Striebich, Richard and Zelina, Joseph and Frayne, Charles},
  booktitle={38th AIAA/ASME/SAE/ASEE Joint Propulsion Conference \& Exhibit},
  pages={3723},
  year={2002}
}
@article{zhao2003measurement,
  title={Measurement and numerical simulation of soot particle size distribution functions in a laminar premixed ethylene-oxygen-argon flame},
  author={Zhao, Bin and Yang, Zhiwei and Johnston, Murray V and Wang, Hai and Wexler, Anthony S and Balthasar, Michael and Kraft, Markus},
  journal={Combustion and Flame},
  volume={133},
  number={1-2},
  pages={173--188},
  year={2003},
  publisher={Elsevier}
}
@article{cho2004conversion,
  title={Conversion of natural gas to hydrogen and carbon black by plasma and application of plasma carbon black},
  author={Cho, Wonihl and Lee, Seung-Ho and Ju, Woo-Sung and Baek, Youngsoon and Lee, Joong Kee},
  journal={Catalysis Today},
  volume={98},
  number={4},
  pages={633--638},
  year={2004},
  publisher={Elsevier}
}

@inproceedings{colket2004modeling,
  title={Modeling soot formation in a stirred reactor},
  author={Colket III, Meredith B and Hall, Robert J and Stouffer, Scott D},
  booktitle={Turbo Expo: Power for Land, Sea, and Air},
  volume={41669},
  pages={673--678},
  year={2004}
}

@article{tsantilis2004soft,
  title={Soft-and hard-agglomerate aerosols made at high temperatures},
  author={Tsantilis, Stavros and Pratsinis, Sotiris E},
  journal={Langmuir},
  volume={20},
  number={14},
  pages={5933--5939},
  year={2004},
  publisher={ACS Publications}
}

@article{vander2004soot,
  title={Soot nanostructure: dependence upon synthesis conditions},
  author={Vander Wal, Randy L and Tomasek, Aaron J},
  journal={Combustion and Flame},
  volume={136},
  number={1-2},
  pages={129--140},
  year={2004},
  publisher={Elsevier}
}

@article{borm2004inhaled,
  title={Inhaled particles and lung cancer, part B: paradigms and risk assessment},
  author={Borm, Paul JA and Schins, Roel PF and Albrecht, Catrin},
  journal={International journal of cancer},
  volume={110},
  number={1},
  pages={3--14},
  year={2004},
  publisher={Wiley Online Library}
}


@article{park2005influence,
  title={Influence of surface characteristics of carbon blacks on cure and mechanical behaviors of rubber matrix compoundings},
  author={Park, Soo-Jin and Seo, Min-Kang and Nah, Changwoon},
  journal={Journal of colloid and interface science},
  volume={291},
  number={1},
  pages={229--235},
  year={2005},
  publisher={Elsevier}
}

@article{park2005aerosol,
  title={An aerosol model to predict size and structure of soot particles},
  author={Park, SH and Rogak, SN and Bushe, WK and Wen, JZ and Thomson, MJ},
  journal={Combustion Theory and Modelling},
  volume={9},
  number={3},
  pages={499--513},
  year={2005},
  publisher={Taylor \& Francis}
}

@article{singh2006numerical,
  title={Numerical simulation and sensitivity analysis of detailed soot particle size distribution in laminar premixed ethylene flames},
  author={Singh, Jasdeep and Patterson, Robert IA and Kraft, Markus and Wang, Hai},
  journal={Combustion and Flame},
  volume={145},
  number={1-2},
  pages={117--127},
  year={2006},
  publisher={Elsevier}
}

@article{smooke2005soot,
  title={Soot formation in laminar diffusion flames},
  author={Smooke, MD and Long, MB and Connelly, BC and Colket, MB and Hall, RJ},
  journal={Combustion and Flame},
  volume={143},
  number={4},
  pages={613--628},
  year={2005},
  publisher={Elsevier}
}

@article{violi2005relative,
  title={The relative roles of acetylene and aromatic precursors during soot particle inception},
  author={Violi, Angela and Voth, Gregory A and Sarofim, Adel F},
  journal={Proceedings of the Combustion Institute},
  volume={30},
  number={1},
  pages={1343--1351},
  year={2005},
  publisher={Elsevier}
}

@article{zhao2005particle,
  title={Particle size distribution function of incipient soot in laminar premixed ethylene flames: effect of flame temperature},
  author={Zhao, Bin and Yang, Zhiwei and Li, Zhigang and Johnston, Murray V and Wang, Hai},
  journal={Proceedings of the Combustion Institute},
  volume={30},
  number={1},
  pages={1441--1448},
  year={2005},
  publisher={Elsevier}
}

@article{oktem2005chemical,
  title={Chemical species associated with the early stage of soot growth in a laminar premixed ethylene--oxygen--argon flame},
  author={{\"O}ktem, Berk and Tolocka, Michael P and Zhao, Bin and Wang, Hai and Johnston, Murray V},
  journal={Combustion and Flame},
  volume={142},
  number={4},
  pages={364--373},
  year={2005},
  publisher={Elsevier}
}

@article{d2005surface,
  title={Surface deposition and coagulation efficiency of combustion generated nanoparticles in the size range from 1 to 10 nm},
  author={D’Alessio, Antonio and Barone, AC and Cau, R and D’Anna, Andrea and Minutolo, P},
  journal={Proceedings of the Combustion Institute},
  volume={30},
  number={2},
  pages={2595--2603},
  year={2005},
  publisher={Elsevier}
}
@article{grass2006design,
  title={Design of high-temperature, gas-phase synthesis of hard or soft TiO2 agglomerates},
  author={Grass, Robert N and Tsantilis, Stavros and Pratsinis, Sotiris E},
  journal={AIChE Journal},
  volume={52},
  number={4},
  pages={1318--1325},
  year={2006},
  publisher={Wiley Online Library}
}

@article{song2006examination,
  title={Examination of the oxidation behavior of biodiesel soot},
  author={Song, Juhun and Alam, Mahabubul and Boehman, Andr{\'e} L and Kim, Unjeong},
  journal={Combustion and flame},
  volume={146},
  number={4},
  pages={589--604},
  year={2006},
  publisher={Elsevier}
}

@article{bond2006light,
  title={Light absorption by carbonaceous particles: An investigative review},
  author={Bond, Tami C and Bergstrom, Robert W},
  journal={Aerosol science and technology},
  volume={40},
  number={1},
  pages={27--67},
  year={2006},
  publisher={Taylor \& Francis}
}

@article{moulin2008optical,
  title={Optical properties of soot nanoparticles},
  author={Moulin, F and Devel, Michel and Picaud, S},
  journal={Journal of Quantitative Spectroscopy and Radiative Transfer},
  volume={109},
  number={10},
  pages={1791--1801},
  year={2008},
  publisher={Elsevier}
}
@article{gonzalez2007carbon,
  title={Carbon nanostructures production by gas-phase plasma processes at atmospheric pressure},
  author={Gonzalez-Aguilar, Jos{\'e} and Moreno, Maryline and Fulcheri, Laurent},
  journal={Journal of Physics D: Applied Physics},
  volume={40},
  number={8},
  pages={2361},
  year={2007},
  publisher={IOP Publishing}
}

@article{vander2007hrtem,
  title={HRTEM Study of diesel soot collected from diesel particulate filters},
  author={Vander Wal, Randy L and Yezerets, Aleksey and Currier, Neal W and Kim, Do Heui and Wang, Chong Min},
  journal={Carbon},
  volume={45},
  number={1},
  pages={70--77},
  year={2007},
  publisher={Elsevier}
}

@article{jensen2007measurement,
  title={Measurement of soot morphology, chemistry, and optical properties in the visible and near-infrared spectrum in the flame zone and overfire region of large JP-8 pool fires},
  author={Jensen, Kirk A and Suo-Anttila, Jill M and Blevins, Linda G},
  journal={Combustion science and technology},
  volume={179},
  number={12},
  pages={2453--2487},
  year={2007},
  publisher={Taylor \& Francis}
}

@article{obolensky2007interplay,
  title={Interplay of electrostatic and van der Waals forces in coronene dimer},
  author={Obolensky, OI and Semenikhina, VV and Solov'Yov, AV and Greiner, W},
  journal={International Journal of Quantum Chemistry},
  volume={107},
  number={6},
  pages={1335--1343},
  year={2007},
  publisher={Wiley Online Library}
}

@article{zhao2007comparative,
  title={A comparative study of nanoparticles in premixed flames by scanning mobility particle sizer, small angle neutron scattering, and transmission electron microscopy},
  author={Zhao, Bin and Uchikawa, Kei and Wang, Hai},
  journal={Proceedings of the Combustion Institute},
  volume={31},
  number={1},
  pages={851--860},
  year={2007},
  publisher={Elsevier}
}

@article{manzello2007soot,
  title={Soot particle size distributions in a well-stirred reactor/plug flow reactor},
  author={Manzello, Samuel L and Lenhert, David B and Yozgatligil, Ahmet and Donovan, Michael T and Mulholland, George W and Zachariah, Michael R and Tsang, Wing},
  journal={Proceedings of the Combustion Institute},
  volume={31},
  number={1},
  pages={675--683},
  year={2007},
  publisher={Elsevier}
}
@article{Norinaga2008,
   author = {Koyo Norinaga and Vinod M Janardhanan and Olaf Deutschmann},
   issn = {0538-8066},
   issue = {4},
   journal = {Int. J. Chem. Kinet.},
   pages = {199-208},
   publisher = {Wiley Online Library},
   title = {Detailed chemical kinetic modeling of pyrolysis of ethylene, acetylene, and propylene at 1073–1373 K with a plug‐flow reactor model},
   volume = {40},
   year = {2008},
}

@article{abid2008evolution,
  title={On evolution of particle size distribution functions of incipient soot in premixed ethylene--oxygen--argon flames},
  author={Abid, Aamir D and Heinz, Nicholas and Tolmachoff, Erik D and Phares, Denis J and Campbell, Charles S and Wang, Hai},
  journal={Combustion and Flame},
  volume={154},
  number={4},
  pages={775--788},
  year={2008},
  publisher={Elsevier}
}

@article{herdman2008intermolecular,
  title={Intermolecular potential calculations for polynuclear aromatic hydrocarbon clusters},
  author={Herdman, Jennifer D and Miller, J Houston},
  journal={The Journal of Physical Chemistry A},
  volume={112},
  number={28},
  pages={6249--6256},
  year={2008},
  publisher={ACS Publications}
}
@article{blanquart2009chemical,
  title={Chemical mechanism for high temperature combustion of engine relevant fuels with emphasis on soot precursors},
  author={Blanquart, G and Pepiot-Desjardins, P and Pitsch, H},
  journal={Combustion and Flame},
  volume={156},
  number={3},
  pages={588--607},
  year={2009},
  publisher={Elsevier}
}


@article{blanquart2009analyzing,
  title={Analyzing the effects of temperature on soot formation with a joint volume-surface-hydrogen model},
  author={Blanquart, G and Pitsch, H},
  journal={Combustion and Flame},
  volume={156},
  number={8},
  pages={1614--1626},
  year={2009},
  publisher={Elsevier}
}

@article{d2009combustion,
  title={Combustion-formed nanoparticles},
  author={D’Anna, Andrea},
  journal={Proceedings of the Combustion Institute},
  volume={32},
  number={1},
  pages={593--613},
  year={2009},
  publisher={Elsevier}
}

@article{blanquart2009joint,
  title={A joint volume-surface-hydrogen multi-variate model for soot formation},
  author={Blanquart, Guillaume and Pitsch, Heinz},
  journal={Combustion generated fine carbonaceous particles},
  pages={437--463},
  year={2009},
  publisher={KIT Scientific Publishing Karlsruhe, Germany}
}

@article{abid2009quantitative,
  title={Quantitative measurement of soot particle size distribution in premixed flames--the burner-stabilized stagnation flame approach},
  author={Abid, Aamir D and Camacho, Joaquin and Sheen, David A and Wang, Hai},
  journal={Combustion and Flame},
  volume={156},
  number={10},
  pages={1862--1870},
  year={2009},
  publisher={Elsevier}
}

@book{d2009nanoparticles,
  title={Nanoparticles of organic carbon (NOC) formed in flames and their effects in urban atmospheres},
  author={D’alessio, A and D’Anna, Andrea and Minutolo, P and Sgro, LA and others},
  year={2009},
  publisher={Karlsruhe University Press, Karlsruhe}
}

@article{alfe2009structure,
  title={Structure--property relationship in nanostructures of young and mature soot in premixed flames},
  author={Alf{\`e}, M and Apicella, B and Barbella, Rouzaud and Rouzaud, J-N and Tregrossi, A and Ciajolo, A},
  journal={Proceedings of the Combustion Institute},
  volume={32},
  number={1},
  pages={697--704},
  year={2009},
  publisher={Elsevier}
}

@article{happold2009soot,
  title={Soot precursors consisting of stacked pericondensed PAHs},
  author={Happold, Joachim and Grotheer, Horst-Henning and Aigner, Manfred},
  journal={Combustion generated fine carbonaceous particles},
  pages={275--285},
  year={2009},
  publisher={KIT Scientific Publishing Karlsruhe, Germany}
}

@article{wong2009molecular,
  title={Molecular dynamics simulations of PAH dimerization},
  author={Wong, David and Whitesides, R and Schuetz, CA and Frenklach, M},
  journal={Combustion Generated Fine Carbonaceous Particles},
  pages={247--257},
  year={2009},
  publisher={KIT Publishing: Karlsruhe}
}

@inproceedings{lighty2009soot,
  title={Soot oxidation},
  author={Lighty, JS and Romano, V and Sarofim, AF},
  booktitle={Combustion generated fine carbonaceous particles (proceedings of an international workshop held in Villa Orlandi, Anacapri, May 13e16, 2007). KIT Scientifc Publishing},
  pages={523--36},
  year={2009}
}

@article{zerbs2009influence,
  title={The influence of wavelength in extinction measurements and beam steering in laser-induced incandescence measurements in sooting flames},
  author={Zerbs, Jochen and Geigle, Klaus Peter and Lammel, Oliver and Hader, Joachim and Stirn, Ronnie and Hadef, Redjem and Meier, Wolfgang},
  journal={Applied Physics B},
  volume={96},
  pages={683--694},
  year={2009},
  publisher={Springer}
}


@article{lenhert2009effects,
  title={Effects of benzene and naphthalene addition on soot inception in a well-stirred reactor/plug flow reactor},
  author={Lenhert, David B and Manzello, Samuel L},
  journal={Proceedings of the Combustion Institute},
  volume={32},
  number={1},
  pages={657--664},
  year={2009},
  publisher={Elsevier}
}

@article{Palomares2010,
   author = {Verónica Palomares and Aintzane Goñi and Izaskun Gil De Muro and Iratxe De Meatza and Miguel Bengoechea and Igor Cantero and Teófilo Rojo},
   issn = {0378-7753},
   issue = {22},
   journal = {J. Power Sources},
   pages = {7661-7668},
   publisher = {Elsevier},
   title = {Conductive additive content balance in Li-ion battery cathodes: Commercial carbon blacks vs. in situ carbon from LiFePO4/C composites},
   volume = {195},
   year = {2010},
}

@article{sabbah2010exploring,
  title={Exploring the role of PAHs in the formation of soot: Pyrene dimerization},
  author={Sabbah, Hassan and Biennier, Ludovic and Klippenstein, Stephen J and Sims, Ian R and Rowe, Bertrand R},
  journal={The Journal of Physical Chemistry Letters},
  volume={1},
  number={19},
  pages={2962--2967},
  year={2010},
  publisher={ACS Publications}
}

@article{michelsen2010wavelength,
  title={Wavelength and temperature dependences of the absorption and scattering cross sections of soot},
  author={Michelsen, Hope A and Schrader, Paul E and Goulay, Fabien},
  journal={Carbon},
  volume={48},
  number={8},
  pages={2175--2191},
  year={2010},
  publisher={Elsevier}
}

@article{cain2010micro,
  title={Micro-FTIR study of soot chemical composition—evidence of aliphatic hydrocarbons on nascent soot surfaces},
  author={Cain, Jeremy P and Gassman, Paul L and Wang, Hai and Laskin, Alexander},
  journal={Physical Chemistry Chemical Physics},
  volume={12},
  number={20},
  pages={5206--5218},
  year={2010},
  publisher={Royal Society of Chemistry}
}
@article{Wang2011,
   author = {Hai Wang},
   issn = {15407489},
   issue = {1},
   journal = {Proc Combust Inst.},
   pages = {41-67},
   title = {Formation of nascent soot and other condensed-phase materials in flames},
   volume = {33},
   year = {2011},
}

@article{pratsinis2011history,
  title={History of manufacture of fine particles in high-temperature aerosol reactors},
  author={Pratsinis, Sotiris E},
  journal={Aerosol science and technology: History and reviews},
  pages={475--507},
  year={2011},
  publisher={RTI International Research Triangle Park NC}
}

@article{giordana2011theoretical,
  title={Theoretical investigation of soot nanoparticle inception via polycyclic aromatic hydrocarbon coagulation (condensation): Energetic, structural, and electronic features},
  author={Giordana, Anna and Maranzana, Andrea and Tonachini, Glauco},
  journal={The Journal of Physical Chemistry C},
  volume={115},
  number={5},
  pages={1732--1739},
  year={2011},
  publisher={ACS Publications}
}


@article{cain2011evidence,
  title={Evidence of aliphatics in nascent soot particles in premixed ethylene flames},
  author={Cain, Jeremy P and Camacho, Joaquin and Phares, Denis J and Wang, Hai and Laskin, Alexander},
  journal={Proceedings of the Combustion Institute},
  volume={33},
  number={1},
  pages={533--540},
  year={2011},
  publisher={Elsevier}
}

@article{totton2012quantitative,
  title={A quantitative study of the clustering of polycyclic aromatic hydrocarbons at high temperatures},
  author={Totton, Tim S and Misquitta, Alston J and Kraft, Markus},
  journal={Physical chemistry chemical physics},
  volume={14},
  number={12},
  pages={4081--4094},
  year={2012},
  publisher={Royal Society of Chemistry}
}

@article{eremin2011size,
  title={Size dependence of complex refractive index function of growing nanoparticles},
  author={Eremin, A and Gurentsov, E and Popova, E and Priemchenko, K},
  journal={Applied Physics B},
  volume={104},
  pages={285--295},
  year={2011},
  publisher={Springer}
}

@article{cleon2011laser,
  title={Laser induced incandescence determination of the ratio of the soot absorption functions at 532 nm and 1064 nm in the nucleation zone of a low pressure premixed sooting flame},
  author={Cl{\'e}on, G and Amodeo, T and Faccinetto, A and Desgroux, P},
  journal={Applied Physics B},
  volume={104},
  number={2},
  pages={297--305},
  year={2011},
  publisher={Springer}
}

@article{agafonov2011soot,
  title={Soot formation in the pyrolysis of benzene, methylbenzene, and ethylbenzene in shock waves},
  author={Agafonov, GL and Vlasov, PA and Smirnov, VN},
  journal={Kinetics and Catalysis},
  volume={52},
  pages={358--370},
  year={2011},
  publisher={Springer}
}

@article{dworkin2011application,
 title={Application of an enhanced PAH growth model to soot formation in a laminar coflow ethylene/air diffusion flame},
 author={Dworkin, Seth B and Zhang, Qingan and Thomson, Murray J and Slavinskaya, Nadezhda A and Riedel, Uwe},
 journal={Combustion and Flame},
 volume={158},
 number={9},
 pages={1682--1695},
 year={2011},
 publisher={Elsevier}
}
@article{buesser2012design,
  title={Design of nanomaterial synthesis by aerosol processes},
  author={Buesser, Beat and Pratsinis, Sotiris E},
  journal={Annual review of chemical and biomolecular engineering},
  volume={3},
  pages={103--127},
  year={2012},
  publisher={Annual Reviews}
}

@article{sanchez2012polycyclic,
  title={Polycyclic aromatic hydrocarbon (PAH) and soot formation in the pyrolysis of acetylene and ethylene: effect of the reaction temperature},
  author={Sanchez, Nazly E and Callejas, Alicia and Millera, Angela and Bilbao, Rafael and Alzueta, Maria U},
  journal={Energy \& fuels},
  volume={26},
  number={8},
  pages={4823--4829},
  year={2012},
  publisher={ACS Publications}
}

@article{grohn2012fluid,
  title={Fluid-particle dynamics during combustion spray aerosol synthesis of ZrO2},
  author={Gr{\"o}hn, Arto J and Pratsinis, Sotiris E and Wegner, Karsten},
  journal={Chemical Engineering Journal},
  volume={191},
  pages={491--502},
  year={2012},
  publisher={Elsevier}
}

@article{eremin2012formation,
  title={Formation of carbon nanoparticles from the gas phase in shock wave pyrolysis processes},
  author={Eremin, Alexander V},
  journal={Progress in energy and combustion science},
  volume={38},
  number={1},
  pages={1--40},
  year={2012},
  publisher={Elsevier}
}
@article{wang2013pah,
  title={A PAH growth mechanism and synergistic effect on PAH formation in counterflow diffusion flames},
  author={Wang, Yu and Raj, Abhijeet and Chung, Suk Ho},
  journal={Combustion and flame},
  volume={160},
  number={9},
  pages={1667--1676},
  year={2013},
  publisher={Elsevier}
}

@article{world2013health,
  title={Health Effects of Particulate Matter: Policy implications for countries in eastern Europe, Caucasus and central Asia},
  author={World Health Organization and others},
  year={2013},
  publisher={World Health Organization. Regional Office for Europe}
}

@article{rissler2013effective,
  title={Effective density characterization of soot agglomerates from various sources and comparison to aggregation theory},
  author={Rissler, Jenny and Messing, Maria E and Malik, Azhar I and Nilsson, Patrik T and Nordin, Erik Z and Bohgard, Mats and Sanati, Mehri and Pagels, Joakim H},
  journal={Aerosol Science and Technology},
  volume={47},
  number={7},
  pages={792--805},
  year={2013},
  publisher={Taylor \& Francis}
}

@article{ma2013soot,
  title={Soot oxidation kinetics: a comparison study of two tandem ion-mobility methods},
  author={Ma, X and Zangmeister, CD and Zachariah, MR},
  journal={The Journal of Physical Chemistry C},
  volume={117},
  number={20},
  pages={10723--10729},
  year={2013},
  publisher={ACS Publications}
}

@article{desgroux2013study,
  title={Study of the formation of soot and its precursors in flames using optical diagnostics},
  author={Desgroux, Pascale and Mercier, Xavier and Thomson, Kevin A},
  journal={Proceedings of the Combustion Institute},
  volume={34},
  number={1},
  pages={1713--1738},
  year={2013},
  publisher={Elsevier}
}


@article{nichols2013systematic,
  title={Systematic review of the effects of black carbon on cardiovascular disease among individuals with pre-existing disease},
  author={Nichols, Jennifer L and Owens, Elizabeth Oesterling and Dutton, Steven J and Luben, Thomas J},
  journal={International Journal of Public Health},
  volume={58},
  pages={707--724},
  year={2013},
  publisher={Springer}
}


@article{cuoci2013computational,
 title={A computational tool for the detailed kinetic modeling of laminar flames: Application to C2H4/CH4 coflow flames},
 author={Cuoci, Alberto and Frassoldati, Alessio and Faravelli, Tiziano and Ranzi, Eliseo},
 journal={Combustion and Flame},
 volume={160},
 number={5},
 pages={870--886},
 year={2013},
 publisher={Elsevier}
}
@article{myhre2014anthropogenic,
  title={Anthropogenic and natural radiative forcing},
  author={Myhre, Gunnar and Shindell, Drew and Pongratz, Julia},
  year={2014},
  publisher={Cambridge University Press}
}

@article{saffaripour2014experimental,
  title={Experimental investigation and detailed modeling of soot aggregate formation and size distribution in laminar coflow diffusion flames of Jet A-1, a synthetic kerosene, and n-decane},
  author={Saffaripour, Meghdad and Veshkini, Armin and Kholghy, Mohammadreza and Thomson, Murray J},
  journal={Combustion and Flame},
  volume={161},
  number={3},
  pages={848--863},
  year={2014},
  publisher={Elsevier}
}

@inproceedings{puduppakkam2014soot,
  title={A soot chemistry model that captures fuel effects},
  author={Puduppakkam, Karthik V and Modak, Abhijit U and Naik, Chitralkumar V and Camacho, Joaquin and Wang, Hai and Meeks, Ellen},
  booktitle={Turbo Expo: Power for Land, Sea, and Air},
  volume={45691},
  pages={V04BT04A055},
  year={2014},
  organization={American Society of Mechanical Engineers}
}

@article{stranic2014laser,
  title={Laser absorption diagnostic for measuring acetylene concentrations in shock tubes},
  author={Stranic, Ivo and Hanson, Ronald K},
  journal={Journal of Quantitative Spectroscopy and Radiative Transfer},
  volume={142},
  pages={58--65},
  year={2014},
  publisher={Elsevier}
}
@article{saggese2015kinetic,
  title={Kinetic modeling of particle size distribution of soot in a premixed burner-stabilized stagnation ethylene flame},
  author={Saggese, Chiara and Ferrario, Sara and Camacho, Joaquin and Cuoci, Alberto and Frassoldati, Alessio and Ranzi, Eliseo and Wang, Hai and Faravelli, Tiziano},
  journal={Combustion and Flame},
  volume={162},
  number={9},
  pages={3356--3369},
  year={2015},
  publisher={Elsevier}
}

@article{russo2015dehydrogenation,
  title={Dehydrogenation and growth of soot in premixed flames},
  author={Russo, C and Tregrossi, A and Ciajolo, A},
  journal={Proceedings of the Combustion Institute},
  volume={35},
  number={2},
  pages={1803--1809},
  year={2015},
  publisher={Elsevier}
}

@article{camacho2015mobility,
  title={Mobility size and mass of nascent soot particles in a benchmark premixed ethylene flame},
  author={Camacho, Joaquin and Liu, Changran and Gu, Chen and Lin, He and Huang, Zhen and Tang, Quanxi and You, Xiaoqing and Saggese, Chiara and Li, Yang and Jung, Heejung and others},
  journal={Combustion and Flame},
  volume={162},
  number={10},
  pages={3810--3822},
  year={2015},
  publisher={Elsevier}
}

@article{wang2015soot,
  title={Soot modeling of counterflow diffusion flames of ethylene-based binary mixture fuels},
  author={Wang, Yu and Raj, Abhijeet and Chung, Suk Ho},
  journal={Combustion and Flame},
  volume={162},
  number={3},
  pages={586--596},
  year={2015},
  publisher={Elsevier}
}

@article{salenbauch2015modeling,
  title={Modeling soot formation in premixed flames using an extended conditional quadrature method of moments},
  author={Salenbauch, Steffen and Cuoci, Alberto and Frassoldati, Alessio and Saggese, Chiara and Faravelli, Tiziano and Hasse, Christian},
  journal={Combustion and Flame},
  volume={162},
  number={6},
  pages={2529--2543},
  year={2015},
  publisher={Elsevier}
}

@article{yon2015simple,
  title={A simple semi-empirical model for effective density measurements of fractal aggregates},
  author={Yon, Jer{\^o}me and Bescond, A and Ouf, F-X},
  journal={Journal of Aerosol Science},
  volume={87},
  pages={28--37},
  year={2015},
  publisher={Elsevier}
}

@book{veshkini2015understanding,
  title={Understanding Soot Particle Growth Chemistry and Particle Sizing Using a Novel Soot Growth and Formation Model},
  author={Veshkini, Armin},
  year={2015},
  publisher={University of Toronto (Canada)}
}


@article{goudeli2015coagulation,
  title={Coagulation--Agglomeration of fractal-like particles: Structure and self-preserving size distribution},
  author={Goudeli, Eirini and Eggersdorfer, Maximilian L and Pratsinis, Sotiris E},
  journal={Langmuir},
  volume={31},
  number={4},
  pages={1320--1327},
  year={2015},
  publisher={ACS Publications}
}

@article{eaves2015importance,
  title={The importance of reversibility in modeling soot nucleation and condensation processes},
  author={Eaves, NA and Dworkin, SB and Thomson, MJ},
  journal={Proceedings of the Combustion Institute},
  volume={35},
  number={2},
  pages={1787--1794},
  year={2015},
  publisher={Elsevier}
}

@article{agafonov2015soot,
  title={Soot formation during the pyrolysis and oxidation of acetylene and ethylene in shock waves},
  author={Agafonov, GL and Bilera, IV and Vlasov, PA and Kolbanovskii, Yu A and Smirnov, VN and Tereza, AM},
  journal={Kinetics and Catalysis},
  volume={56},
  pages={12--30},
  year={2015},
  publisher={Springer}
}

@article{graves2015characterization,
  title={Characterization of particulate matter morphology and volatility from a compression-ignition natural-gas direct-injection engine},
  author={Graves, Brian and Olfert, Jason and Patychuk, Bronson and Dastanpour, Ramin and Rogak, Steven},
  journal={Aerosol Science and Technology},
  volume={49},
  number={8},
  pages={589--598},
  year={2015},
  publisher={Taylor \& Francis}
}

@article{camacho2015kinetics,
  title={Kinetics of nascent soot oxidation by molecular oxygen in a flow reactor},
  author={Camacho, Joaquin and Tao, Yujie and Wang, Hai},
  journal={Proceedings of the Combustion Institute},
  volume={35},
  number={2},
  pages={1887--1894},
  year={2015},
  publisher={Elsevier}
}

@article{olofsson2015evolution,
  title={Evolution of properties for aging soot in premixed flat flames studied by laser-induced incandescence and elastic light scattering},
  author={Olofsson, Nils-Erik and Simonsson, Johan and T{\"o}r{\"o}k, Sandra and Bladh, Henrik and Bengtsson, Per-Erik},
  journal={Applied Physics B},
  volume={119},
  pages={669--683},
  year={2015},
  publisher={Springer}
}

@article{yon2015radiative,
  title={On the radiative properties of soot aggregates part 1: Necking and overlapping},
  author={Yon, Jer{\^o}me and Bescond, A and Liu, Franklin},
  journal={Journal of Quantitative Spectroscopy and Radiative Transfer},
  volume={162},
  pages={197--206},
  year={2015},
  publisher={Elsevier}
}

@article{bejaoui2015measurements,
  title={Measurements and modeling of laser-induced incandescence of soot at different heights in a flat premixed flame},
  author={Bejaoui, Salma and Batut, S{\'e}bastien and Therssen, Eric and Lamoureux, Nathalie and Desgroux, Pascale and Liu, Fengshan},
  journal={Applied Physics B},
  volume={118},
  pages={449--469},
  year={2015},
  publisher={Springer}
}

@article{cuoci2015opensmoke++,
 title={OpenSMOKE++: An object-oriented framework for the numerical modeling of reactive systems with detailed kinetic mechanisms},
 author={Cuoci, Alberto and Frassoldati, Alessio and Faravelli, Tiziano and Ranzi, Eliseo},
 journal={Computer Physics Communications},
 volume={192},
 pages={237--264},
 year={2015},
 publisher={Elsevier}
}

@article{liu2015numerical,
 title={Numerical and experimental study of the influence of CO2 and N2 dilution on soot formation in laminar coflow C2H4/air diffusion flames at pressures between 5 and 20 atm},
 author={Liu, Fengshan and Karata{\c{s}}, Ahmet E and G{\"u}lder, {\"O}mer L and Gu, Mingyan},
 journal={Combustion and Flame},
 volume={162},
 number={5},
 pages={2231--2247},
 year={2015},
 publisher={Elsevier}
}
@article{kholghy2016core,
  title={The core--shell internal nanostructure of soot--A criterion to model soot maturity},
  author={Kholghy, Mohammad Reza and Veshkini, Armin and Thomson, Murray John},
  journal={Carbon},
  volume={100},
  pages={508--536},
  year={2016},
  publisher={Elsevier}
}

@article{Goudeli2016,
   author = {Eirini Goudeli and Maximilian L Eggersdorfer and Sotiris E Pratsinis},
   issn = {0743-7463},
   issue = {36},
   journal = {Langmuir},
   pages = {9276-9285},
   publisher = {ACS Publications},
   title = {Coagulation of agglomerates consisting of polydisperse primary particles},
   volume = {32},
   year = {2016},
}

@article{international2016carbon,
  title={Carbon black user’s guide},
  author={International Carbon Black Association and others},
  journal={available at www. carbon-black. org},
  year={2016}
}

@article{veshkini2016understanding,
  title={Understanding soot particle size evolution in laminar ethylene/air diffusion flames using novel soot coalescence models},
  author={Veshkini, Armin and Dworkin, Seth B and Thomson, Murray J},
  journal={Combustion Theory and Modelling},
  volume={20},
  number={4},
  pages={707--734},
  year={2016},
  publisher={Taylor \& Francis}
}

@article{johansson2016formation,
  title={Formation and emission of large furans and oxygenated hydrocarbons from flames},
  author={Johansson, K Olof and Dillstrom, Tyler and Monti, Matteo and El Gabaly, Farid and Campbell, Matthew F and Schrader, Paul E and Popolan-Vaida, Denisia M and Richards-Henderson, Nicole K and Wilson, Kevin R and Violi, Angela and others},
  journal={Proceedings of the National Academy of Sciences},
  volume={113},
  number={30},
  pages={8374--8379},
  year={2016},
  publisher={National Acad Sciences}
}

@article{cho2016synthesis,
  title={Synthesis of primary-particle-size-tuned soot particles by controlled pyrolysis of hydrocarbon fuels},
  author={Cho, Sanghwan and Lee, Seunghoon and Lee, Wonnam and Park, Sunho},
  journal={Energy \& Fuels},
  volume={30},
  number={8},
  pages={6614--6619},
  year={2016},
  publisher={ACS Publications}
}

@article{agafonov2016unified,
  title={Unified kinetic model of soot formation in the pyrolysis and oxidation of aliphatic and aromatic hydrocarbons in shock waves},
  author={Agafonov, GL and Bilera, IV and Vlasov, PA and Zhil’tsova, IV and Kolbanovskii, Yu A and Smirnov, VN and Tereza, AM},
  journal={Kinetics and Catalysis},
  volume={57},
  pages={557--572},
  year={2016},
  publisher={Springer}
}

@article{dastanpour2016automated,
  title={Automated primary particle sizing of nanoparticle aggregates by TEM image analysis},
  author={Dastanpour, Ramin and Boone, Jocelyne M and Rogak, Steven N},
  journal={Powder Technology},
  volume={295},
  pages={218--224},
  year={2016},
  publisher={Elsevier}
}

@article{eaves2016coflame,
 title={CoFlame: A refined and validated numerical algorithm for modeling sooting laminar coflow diffusion flames},
 author={Eaves, Nick A and Zhang, Qingan and Liu, Fengshan and Guo, Hongsheng and Dworkin, Seth B and Thomson, Murray J},
 journal={Computer Physics Communications},
 volume={207},
 pages={464--477},
 year={2016},
 publisher={Elsevier}
}
@web_page{international2017,
   title = {International Carbon Black Association, Carbon black user’s guide},
   year = {2017},
}

@article{Kelesidis2017,
   author = {Georgios A. Kelesidis and Eirini Goudeli and Sotiris E. Pratsinis},
   issn = {00086223},
   journal = {Carbon},
   month = {9},
   pages = {527-535},
   title = {Morphology and mobility diameter of carbonaceous aerosols during agglomeration and surface growth},
   volume = {121},
   year = {2017},
}

@article{Kelesidis2017Flame,
   author = {Georgios A. Kelesidis and Eirini Goudeli and Sotiris E. Pratsinis},
   issn = {15407489},
   issue = {1},
   journal = {Proc Combust Inst .},
   pages = {29-50},
   title = {Flame synthesis of functional nanostructured materials and devices: Surface growth and aggregation},
   volume = {36},
   year = {2017},
}

@article{Carbone2017,
   author = {Francesco Carbone and Kevin Gleason and Alessandro Gomez},
   issn = {15562921},
   journal = {Combustion and Flame},
   keywords = {Flame sampling,GC/MS,Optical diagnostics,PAHs,Soot},
   pages = {315-328},
   title = {Probing gas-to-particle transition in a moderately sooting atmospheric pressure ethylene/air laminar premixed flame. Part I: gas phase and soot ensemble characterization},
   volume = {181},
   year = {2017},
}

@article{johansson2017evolution,
  title={Evolution of maturity levels of the particle surface and bulk during soot growth and oxidation in a flame},
  author={Johansson, KO and El Gabaly, F and Schrader, PE and Campbell, MF and Michelsen, HA},
  journal={Aerosol Science and Technology},
  volume={51},
  number={12},
  pages={1333--1344},
  year={2017},
  publisher={Taylor \& Francis}
}

@article{lapuerta2017morphological,
  title={Morphological analysis of soot agglomerates from biodiesel surrogates in a coflow burner},
  author={Lapuerta, Mag{\'\i}n and Barba, Javier and Sediako, Anton D and Kholghy, Mohammad Reza and Thomson, Murray J},
  journal={Journal of Aerosol Science},
  volume={111},
  pages={65--74},
  year={2017},
  publisher={Elsevier}
}

@article{desgroux2017comparative,
  title={Comparative study of the soot formation process in a “nucleation” and a “sooting” low pressure premixed methane flame},
  author={Desgroux, Pascale and Faccinetto, Alessandro and Mercier, Xavier and Mouton, Thomas and Karkar, Damien Aubagnac and El Bakali, Abderrahman},
  journal={Combustion and Flame},
  volume={184},
  pages={153--166},
  year={2017},
  publisher={Elsevier}
}

@article{betrancourt2017investigation,
  title={Investigation of the size of the incandescent incipient soot particles in premixed sooting and nucleation flames of n-butane using LII, HIM, and 1 nm-SMPS},
  author={Betrancourt, Christopher and Liu, Fengshan and Desgroux, Pascale and Mercier, Xavier and Faccinetto, Alessandro and Salamanca, Maurin and Ruwe, Lena and Kohse-H{\"o}inghaus, Katharina and Emmrich, Daniel and Beyer, Andr{\'e} and others},
  journal={Aerosol Science and Technology},
  volume={51},
  number={8},
  pages={916--935},
  year={2017},
  publisher={Taylor \& Francis}
}

@article{michelsen2017probing,
  title={Probing soot formation, chemical and physical evolution, and oxidation: A review of in situ diagnostic techniques and needs},
  author={Michelsen, Hope A},
  journal={Proceedings of the Combustion Institute},
  volume={36},
  number={1},
  pages={717--735},
  year={2017},
  publisher={Elsevier}
}

@book{kee2017chemically,
  title={Chemically reacting flow: theory, modeling, and simulation},
  author={Kee, Robert J and Coltrin, Michael E and Glarborg, Peter and Zhu, Huayang},
  year={2017},
  publisher={John Wiley \& Sons}
}

@article{dastanpour2017variation,
  title={Variation of the optical properties of soot as a function of particle mass},
  author={Dastanpour, Ramin and Momenimovahed, Ali and Thomson, Kevin and Olfert, Jason and Rogak, Steven},
  journal={Carbon},
  volume={124},
  pages={201--211},
  year={2017},
  publisher={Elsevier}
}

@article{ono2017experimental,
  title={Experimental evidence for the sintering of primary soot particles},
  author={Ono, Kiminori and Dewa, Kazuki and Matsukawa, Yoshiya and Saito, Yasuhiro and Matsushita, Yohsuke and Aoki, Hideyuki and Era, Koki and Aoki, Takayuki and Yamaguchi, Togo},
  journal={Journal of Aerosol Science},
  volume={105},
  pages={1--9},
  year={2017},
  publisher={Elsevier}
}

@article{kholghy2017comparison,
  title={Comparison of multiple diagnostic techniques to study soot formation and morphology in a diffusion flame},
  author={Kholghy, Mohammad Reza and Afarin, Yashar and Sediako, Anton D and Barba, Javier and Lapuerta, Mag{\'\i}n and Chu, Carson and Weingarten, Jason and Borshanpour, Bobby and Chernov, Victor and Thomson, Murray J},
  journal={Combustion and Flame},
  volume={176},
  pages={567--583},
  year={2017},
  publisher={Elsevier}
}

@article{doner2017impact,
  title={Impact of morphology on the radiative properties of fractal soot aggregates},
  author={Doner, Nimeti and Liu, Fengshan},
  journal={Journal of Quantitative Spectroscopy and Radiative Transfer},
  volume={187},
  pages={10--19},
  year={2017},
  publisher={Elsevier}
}

@article{niranjan2017toxicological,
  title={The toxicological mechanisms of environmental soot (black carbon) and carbon black: focus on oxidative stress and inflammatory pathways},
  author={Niranjan, Rituraj and Thakur, Ashwani Kumar},
  journal={Frontiers in immunology},
  volume={8},
  pages={763},
  year={2017},
  publisher={Frontiers Media SA}
}

@article{li2017experimental,
  title={Experimental comparison of methane pyrolysis in thermal plasma},
  author={Li, Tianyang and Rehmet, Christophe and Cheng, Yan and Jin, Yong and Cheng, Yi},
  journal={Plasma Chemistry and Plasma Processing},
  volume={37},
  pages={1033--1049},
  year={2017},
  publisher={Springer}
}

@article{patlolla2023review,
  title={A review of methane pyrolysis technologies for hydrogen production},
  author={Patlolla, Shashank Reddy and Katsu, Kyle and Sharafian, Amir and Wei, Kevin and Herrera, Omar E and M{\'e}rida, Walter},
  journal={Renewable and Sustainable Energy Reviews},
  volume={181},
  pages={113323},
  year={2023},
  publisher={Elsevier}
}
@article{kholghy2018reactive,
  title={Reactive polycyclic aromatic hydrocarbon dimerization drives soot nucleation},
  author={Kholghy, Mohammad R and Kelesidis, Georgios A and Pratsinis, Sotiris E},
  journal={Physical Chemistry Chemical Physics},
  volume={20},
  number={16},
  pages={10926--10938},
  year={2018},
  publisher={Royal Society of Chemistry}
}

@article{singh2018nanostructure,
  title={Nanostructure quantification of carbon blacks},
  author={Singh, Madhu and Vander Wal, Randy L},
  journal={C},
  volume={5},
  number={1},
  pages={2},
  year={2018},
  publisher={MDPI}
}

@article{gleason2018effect,
  title={Effect of temperature on soot inception in highly controlled counterflow ethylene diffusion flames},
  author={Gleason, Kevin and Carbone, Francesco and Gomez, Alessandro},
  journal={Combustion and Flame},
  volume={192},
  pages={283--294},
  year={2018},
  publisher={Elsevier}
}

@article{aubagnac2018soot,
  title={Soot particles inception and PAH condensation modelling applied in a soot model utilizing a sectional method},
  author={Aubagnac-Karkar, Damien and El Bakali, Abderrahman and Desgroux, Pascale},
  journal={Combustion and Flame},
  volume={189},
  pages={190--206},
  year={2018},
  publisher={Elsevier}
}

@article{martin2018flexoelectricity,
  title={Flexoelectricity and the formation of carbon nanoparticles in flames},
  author={Martin, Jacob W and Botero, Maria and Slavchov, Radomir I and Bowal, Kimberly and Akroyd, Jethro and Mosbach, Sebastian and Kraft, Markus},
  journal={The Journal of Physical Chemistry C},
  volume={122},
  number={38},
  pages={22210--22215},
  year={2018},
  publisher={ACS Publications}
}

@article{johansson2018resonance,
  title={Resonance-stabilized hydrocarbon-radical chain reactions may explain soot inception and growth},
  author={Johansson, KO and Head-Gordon, MP and Schrader, PE and Wilson, KR and Michelsen, HA},
  journal={Science},
  volume={361},
  number={6406},
  pages={997--1000},
  year={2018},
  publisher={American Association for the Advancement of Science}
}

@book{donnet2018carbon,
  title={Carbon black: science and technology},
  author={Donnet, Jean-Baptiste},
  year={2018},
  publisher={Routledge}
}

@article{schiener2019transported,
  title={Transported probability density function based modelling of soot particle size distributions in non-premixed turbulent jet flames},
  author={Schiener, MA and Lindstedt, RP},
  journal={Proceedings of the Combustion Institute},
  volume={37},
  number={1},
  pages={1049--1056},
  year={2019},
  publisher={Elsevier}
}

% @article{Kelesidis2019,
%    author = {Georgios A Kelesidis and Sotiris E Pratsinis},
%    issn = {0010-2180},
%    journal = {Combust. Flame},
%    pages = {493-499},
%    publisher = {Elsevier},
%    title = {Estimating the internal and surface oxidation of soot agglomerates},
%    volume = {209},
%    year = {2019},
% }

@article{integrated2019,
	author = {U.S. EPA.},
	title = {Integrated Science Assessment (ISA) for Particulate Matter (Final Report, Dec 2019)},
	publisher = {U.S. Environmental Protection Agency, Washington, DC, EPA/600/R-19/188},
	year = {2019},
}

@article{kelesidis2019estimating,
  title={Estimating the internal and surface oxidation of soot agglomerates},
  author={Kelesidis, Georgios A and Pratsinis, Sotiris E},
  journal={Combustion and Flame},
  volume={209},
  pages={493--499},
  year={2019},
  publisher={Elsevier}
}

@article{kholghy2019role,
  title={The role of reactive PAH dimerization in reducing soot nucleation reversibility},
  author={Kholghy, Mohammad Reza and Eaves, Nick Anthony and Veshkini, Armin and Thomson, Murray John},
  journal={Proceedings of the Combustion Institute},
  volume={37},
  number={1},
  pages={1003--1011},
  year={2019},
  publisher={Elsevier}
}

@article{olfert2019universal,
  title={Universal relations between soot effective density and primary particle size for common combustion sources},
  author={Olfert, Jason and Rogak, Steven},
  journal={Aerosol Science and Technology},
  volume={53},
  number={5},
  pages={485--492},
  year={2019},
  publisher={Taylor \& Francis}
}

@article{kazemimanesh2019size,
  title={Size, effective density, morphology, and nano-structure of soot particles generated from buoyant turbulent diffusion flames},
  author={Kazemimanesh, Mohsen and Dastanpour, Ramin and Baldelli, Alberto and Moallemi, Alireza and Thomson, Kevin A and Jefferson, Melina A and Johnson, Matthew R and Rogak, Steven N and Olfert, Jason S},
  journal={Journal of Aerosol Science},
  volume={132},
  pages={22--31},
  year={2019},
  publisher={Elsevier}
}

@article{liu2019flame,
  title={Flame-formed carbon nanoparticles exhibit quantum dot behaviors},
  author={Liu, Changran and Singh, Ajay V and Saggese, Chiara and Tang, Quanxi and Chen, Dongping and Wan, Kevin and Vinciguerra, Marianna and Commodo, Mario and De Falco, Gianluigi and Minutolo, Patrizia and others},
  journal={Proceedings of the National Academy of Sciences},
  volume={116},
  number={26},
  pages={12692--12697},
  year={2019},
  publisher={National Acad Sciences}
}

@article{le2019soot,
  title={Soot Optical Band Gap Evaluated Through In-Situ And Ex-Situ Measurements As Tracer Of Soot Evolution In Premixed Flames: Soot Optical Band Gap Evaluated Through In-Situ And Ex-Situ Measurements As Tracer Of Soot Evolution In Premixed Flames},
  author={Le, Kim Cuong and Russo, Carmela and T{\"o}r{\"o}k, Sandra and Apicella, Barbara and Tregrossi, Antonio and Bengtsson, Per-Erik and Ciajolo, Anna},
  year={2019}
}

@article{kelesidis2019soot,
  title={Soot light absorption and refractive index during agglomeration and surface growth},
  author={Kelesidis, Georgios A and Pratsinis, Sotiris E},
  journal={Proceedings of the Combustion Institute},
  volume={37},
  number={1},
  pages={1177--1184},
  year={2019},
  publisher={Elsevier}
}

@article{pinkowski2019multi,
  title={A multi-wavelength speciation framework for high-temperature hydrocarbon pyrolysis},
  author={Pinkowski, Nicolas H and Ding, Yiming and Johnson, Sarah E and Wang, Yu and Parise, Thomas C and Davidson, David F and Hanson, Ronald K},
  journal={Journal of Quantitative Spectroscopy and Radiative Transfer},
  volume={225},
  pages={180--205},
  year={2019},
  publisher={Elsevier}
}

@article{mei2019quantitative,
  title={Quantitative measurement of particle size distributions of carbonaceous nanoparticles during ethylene pyrolysis in a laminar flow reactor},
  author={Mei, Junyu and Wang, Mengda and You, Xiaoqing and Law, Chung K},
  journal={Combustion and Flame},
  volume={200},
  pages={15--22},
  year={2019},
  publisher={Elsevier}
}

@article{frenklach2019new,
  title={New form for reduced modeling of soot oxidation: Accounting for multi-site kinetics and surface reactivity},
  author={Frenklach, Michael},
  journal={Combustion and Flame},
  volume={201},
  pages={148--159},
  year={2019},
  publisher={Elsevier}
}

@article{martin2019reactivity,
  title={Reactivity of polycyclic aromatic hydrocarbon soot precursors: implications of localized $\pi$-radicals on rim-based pentagonal rings},
  author={Martin, Jacob W and Hou, Dingyu and Menon, Angiras and Pascazio, Laura and Akroyd, Jethro and You, Xiaoqing and Kraft, Markus},
  journal={The Journal of Physical Chemistry C},
  volume={123},
  number={43},
  pages={26673--26682},
  year={2019},
  publisher={ACS Publications}
}
@article{2020SciPy,
  author  = {Virtanen, Pauli and Gommers, Ralf and Oliphant, Travis E. and
            Haberland, Matt and Reddy, Tyler and Cournapeau, David and
            Burovski, Evgeni and Peterson, Pearu and Weckesser, Warren and
            Bright, Jonathan and {van der Walt}, St{\'e}fan J. and
            Brett, Matthew and Wilson, Joshua and Millman, K. Jarrod and
            Mayorov, Nikolay and Nelson, Andrew R. J. and Jones, Eric and
            Kern, Robert and Larson, Eric and Carey, C J and
            Polat, {\.I}lhan and Feng, Yu and Moore, Eric W. and
            {VanderPlas}, Jake and Laxalde, Denis and Perktold, Josef and
            Cimrman, Robert and Henriksen, Ian and Quintero, E. A. and
            Harris, Charles R. and Archibald, Anne M. and
            Ribeiro, Ant{\^o}nio H. and Pedregosa, Fabian and
            {van Mulbregt}, Paul and {SciPy 1.0 Contributors}},
  title   = {{{SciPy} 1.0: Fundamental Algorithms for Scientific
            Computing in Python}},
  journal = {Nature Methods},
  year    = {2020},
  volume  = {17},
  pages   = {261--272},
  adsurl  = {https://rdcu.be/b08Wh},
  doi     = {10.1038/s41592-019-0686-2},
}

@article{frenklach2020mechanism,
  title={On the mechanism of soot nucleation},
  author={Frenklach, Michael and Mebel, Alexander M},
  journal={Physical Chemistry Chemical Physics},
  volume={22},
  number={9},
  pages={5314--5331},
  year={2020},
  publisher={Royal Society of Chemistry}
}

@article{michelsen2020review,
  title={A review of terminology used to describe soot formation and evolution under combustion and pyrolytic conditions},
  author={Michelsen, Hope A and Colket, Meredith B and Bengtsson, Per-Erik and D’anna, Andrea and Desgroux, Pascale and Haynes, Brian S and Miller, J Houston and Nathan, Graham J and Pitsch, Heinz and Wang, Hai},
  journal={ACS nano},
  volume={14},
  number={10},
  pages={12470--12490},
  year={2020},
  publisher={ACS Publications}
}

@article{wei2020morphology,
  title={Morphology analysis of soot particles from a modern diesel engine fueled with different types of oxygenated fuels},
  author={Wei, Jiangjun and Zeng, Yang and Pan, Mingzhang and Zhuang, Yuan and Qiu, Liang and Zhou, Taotao and Liu, Yongqiang},
  journal={Fuel},
  volume={267},
  pages={117248},
  year={2020},
  publisher={Elsevier}
}

@article{russo2020optical,
  title={Optical band gap analysis of soot and organic carbon in premixed ethylene flames: comparison of in-situ and ex-situ absorption measurements},
  author={Russo, Carmela and Apicella, Barbara and Tregrossi, Antonio and Ciajolo, Anna and Le, Kim Cuong and T{\"o}r{\"o}k, Sandra and Bengtsson, Per-Erik},
  journal={Carbon},
  volume={158},
  pages={89--96},
  year={2020},
  publisher={Elsevier}
}

@article{amin2020morphology,
  title={Morphology of soot sampled from N2-diluted methane/air counterflow flames at elevated pressures via TEM imaging},
  author={Amin, Hafiz MF and Bennett, Anthony and Roberts, William L},
  journal={Combustion and Flame},
  volume={216},
  pages={92--99},
  year={2020},
  publisher={Elsevier}
}

@article{cassady2020thermal,
  title={The thermal decomposition of ethane},
  author={Cassady, Sean J and Choudhary, Rishav and Pinkowski, Nicolas H and Shao, Jiankun and Davidson, David F and Hanson, Ronald K},
  journal={Fuel},
  volume={268},
  pages={117409},
  year={2020},
  publisher={Elsevier}
}

@article{hou2020coagulation,
  title={On the coagulation efficiency of carbonaceous nanoparticles},
  author={Hou, Dingyu and Zong, Diyuan and Lindberg, Casper S and Kraft, Markus and You, Xiaoqing},
  journal={Journal of Aerosol Science},
  volume={140},
  pages={105478},
  year={2020},
  publisher={Elsevier}
}
@article{gleason2021small,
  title={Small aromatic hydrocarbons control the onset of soot nucleation},
  author={Gleason, Kevin and Carbone, Francesco and Sumner, Andrew J and Drollette, Brian D and Plata, Desiree L and Gomez, Alessandro},
  journal={Combustion and Flame},
  volume={223},
  pages={398--406},
  year={2021},
  publisher={Elsevier}
}

@article{gleason2021pahs,
  title={PAHs controlling soot nucleation in 0.101—0.811 MPa ethylene counterflow diffusion flames},
  author={Gleason, Kevin and Carbone, Francesco and Gomez, Alessandro},
  journal={Combustion and Flame},
  volume={227},
  pages={384--395},
  year={2021},
  publisher={Elsevier}
}

@article{Kholghy2021,
   author = {M. R. Kholghy and G. A. Kelesidis},
   journal = {Combust. Flame},
   title = {Surface Growth, Coagulation and Oxidation of Soot by a Monodisperse Population Balance Model},
   year = {2021},
}

@article{xu2021experimental,
  title={An experimental and modeling study on sooting characteristics of laminar counterflow diffusion flames with partial premixing},
  author={Xu, Lei and Yan, Fuwu and Zhou, Mengxiang and Wang, Yu},
  journal={Energy},
  volume={218},
  pages={119479},
  year={2021},
  publisher={Elsevier}
}

@article{kholghy2021surface,
  title={Surface growth, coagulation and oxidation of soot by a monodisperse population balance model},
  author={Kholghy, M Reza and Kelesidis, Georgios A},
  journal={Combustion and Flame},
  volume={227},
  pages={456--463},
  year={2021},
  publisher={Elsevier}
}


@article{araki2021effects,
  title={Effects of carrier gas on the properties of soot produced by ethylene pyrolysis},
  author={Araki, Yoichiro and Matsukawa, Yoshiya and Saito, Yasuhiro and Matsushita, Yohsuke and Aoki, Hideyuki and Era, Koki and Aoki, Takayuki},
  journal={Fuel Processing Technology},
  volume={213},
  pages={106673},
  year={2021},
  publisher={Elsevier}
}

@article{sun2021modelling,
  title={Modelling of soot coalescence and aggregation with a two-population balance equation model and a conservative finite volume method},
  author={Sun, Binxuan and Rigopoulos, Stelios and Liu, Anxiong},
  journal={Combustion and Flame},
  volume={229},
  pages={111382},
  year={2021},
  publisher={Elsevier}
}

@article{kelesidis2021self,
  title={Self-preserving size distribution and collision frequency of flame-made nanoparticles in the transition regime},
  author={Kelesidis, Georgios A and Goudeli, Eirini},
  journal={Proceedings of the Combustion Institute},
  volume={38},
  number={1},
  pages={1233--1240},
  year={2021},
  publisher={Elsevier}
}

@article{kelesidis2021perspective,
  title={A perspective on gas-phase synthesis of nanomaterials: Process design, impact and outlook},
  author={Kelesidis, Georgios A and Pratsinis, Sotiris E},
  journal={Chemical Engineering Journal},
  volume={421},
  pages={129884},
  year={2021},
  publisher={Elsevier}
}

@article{sipkens2021using,
  title={Using k-means to identify soot aggregates in transmission electron microscopy images},
  author={Sipkens, TA and Rogak, SN},
  journal={Journal of Aerosol Science},
  volume={152},
  pages={105699},
  year={2021},
  publisher={Elsevier}
}

@article{kelesidis2021determination,
  title={Determination of the volume fraction of soot accounting for its composition and morphology},
  author={Kelesidis, Georgios A and Pratsinis, Sotiris E},
  journal={Proceedings of the Combustion Institute},
  volume={38},
  number={1},
  pages={1189--1196},
  year={2021},
  publisher={Elsevier}
}

@article{mei2021formation,
  title={Formation of nascent soot during very fuel-rich oxidation of ethylene at low temperatures},
  author={Mei, Junyu and Zhou, Yuxin and You, Xiaoqing and Law, Chung K},
  journal={Combustion and Flame},
  volume={226},
  pages={31--41},
  year={2021},
  publisher={Elsevier}
}

@article{michelsen2021effects,
  title={Effects of maturity and temperature on soot density and specific heat},
  author={Michelsen, Hope A},
  journal={Proceedings of the Combustion Institute},
  volume={38},
  number={1},
  pages={1197--1205},
  year={2021},
  publisher={Elsevier}
}
@article{naseri2022simulating,
  title={Simulating yield and morphology of carbonaceous nanoparticles during fuel pyrolysis in laminar flow reactors enabled by reactive inception and aromatic adsorption},
  author={Naseri, Ali and Kholghy, M Reza and Juan, Neil A and Thomson, Murray J},
  journal={Combustion and Flame},
  volume={237},
  pages={111721},
  year={2022},
  publisher={Elsevier}
}

@misc{cantera,
    author = "David G. Goodwin and Harry K. Moffat and Ingmar Schoegl and Raymond L.
              Speth and Bryan W. Weber",
    title = "Cantera: An Object-oriented Software Toolkit for Chemical
             Kinetics, Thermodynamics, and Transport Processes",
    year = 2022,
    note = "Version 2.6.0",
    howpublished = "\url{https://www.cantera.org}",
    doi = {10.5281/zenodo.6387882}
}

@article{martin2022soot,
  title={Soot inception: Carbonaceous nanoparticle formation in flames},
  author={Martin, Jacob W and Salamanca, Maurin and Kraft, Markus},
  journal={Progress in Energy and Combustion Science},
  volume={88},
  pages={100956},
  year={2022},
  publisher={Elsevier}
}

@article{kelesidis2022porosity,
  title={Porosity and crystallinity dynamics of carbon black during internal and surface oxidation},
  author={Kelesidis, Georgios A and Rossi, Nicola and Pratsinis, Sotiris E},
  journal={Carbon},
  volume={197},
  pages={334--340},
  year={2022},
  publisher={Elsevier}
}

@article{kelesidis2022santoro,
  title={Santoro flame: The volume fraction of soot accounting for its morphology \& composition},
  author={Kelesidis, Georgios A and Pratsinis, Sotiris E},
  journal={Combustion and Flame},
  volume={240},
  pages={112025},
  year={2022},
  publisher={Elsevier}
}

@article{nobili2022modeling,
 title={Modeling soot particles as stable radicals: a chemical kinetic study on formation and oxidation. Part II. Soot oxidation in flow reactors and laminar flames},
 author={Nobili, Andrea and Pejpichestakul, Warumporn and Pelucchi, Matteo and Cuoci, Alberto and Cavallotti, Carlo and Faravelli, Tiziano},
 journal={Combustion and Flame},
 volume={243},
 pages={112072},
 year={2022},
 publisher={Elsevier}
}
@misc{cantera,
    author = "David G. Goodwin and Harry K. Moffat and Ingmar Schoegl and Raymond L.
              Speth and Bryan W. Weber",
    title = "Cantera: An Object-oriented Software Toolkit for Chemical
             Kinetics, Thermodynamics, and Transport Processes",
    year = 2023,
    note = "Version 3.0.0",
    howpublished = "\url{https://www.cantera.org}",
    doi = {10.5281/zenodo.8137090}
}

@article{fulcheri2023energy,
  title={An energy-efficient plasma methane pyrolysis process for high yields of carbon black and hydrogen},
  author={Fulcheri, Laurent and Rohani, Vandad-Julien and Wyse, Elliott and Hardman, Ned and Dames, Enoch},
  journal={International Journal of Hydrogen Energy},
  volume={48},
  number={8},
  pages={2920--2928},
  year={2023},
  publisher={Elsevier}
}

@article{matsukawa2023experimental,
  title={Experimental coalescence characteristic time of carbon nanoparticle produced from ethylene or benzene pyrolysis},
  author={Matsukawa, Yoshiya and Dewa, Kazuki and Era, Koki and Aoki, Takayuki and Aoki, Hideyuki},
  journal={Chemical Engineering Research and Design},
  volume={198},
  pages={403--412},
  year={2023},
  publisher={Elsevier}
}

@article{gleason2023soot,
  title={Soot nucleation in diffusion flames and the role of aromatic hydrocarbons},
  author={Gleason, Kevin and Gomez, Alessandro},
  journal={Combustion and Flame},
  volume={255},
  pages={112899},
  year={2023},
  publisher={Elsevier}
}

@article{zhu2023wide,
  title={A wide range experimental study and further development of a kinetic model describing propane oxidation},
  author={Zhu, Long and Panigrahy, Snehasish and Elliott, Sarah N and Klippenstein, Stephen J and Baigmohammadi, Mohammadreza and Mohamed, A Abd El-Sabor and Hargis, Joshua W and Alturaifi, Sulaiman and Mathieu, Olivier and Petersen, Eric L and others},
  journal={Combustion and Flame},
  volume={248},
  pages={112562},
  year={2023},
  publisher={Elsevier}
}

@article{wang2023systematic,
  title={A systematic analysis of chemical mechanisms for ethylene oxidation and PAH formation},
  author={Wang, Yiqing and Han, Wang and Zirwes, Thorsten and Attili, Antonio and Cai, Liming and Bockhorn, Henning and Yang, Lijun and Chen, Zheng},
  journal={Combustion and Flame},
  volume={253},
  pages={112784},
  year={2023},
  publisher={Elsevier}
}
@article{hellmuth2024role,
  title={The role of C3 and C4 species in forming naphthalene in counterflow diffusion flames},
  author={Hellmuth, Maximilian and Langer, Raymond and Meraviglia, Anita and Beeckmann, Joachim and Pitsch, Heinz},
  journal={Proceedings of the Combustion Institute},
  volume={40},
  number={1-4},
  pages={105620},
  year={2024},
  publisher={Elsevier}
}
@misc{HansonGroupShockTube,
  title = {Hanson Research Group Shock Tubes},
  howpublished = {\url{https://hanson.stanford.edu/our-approaches/shock-tubes}},
  note = {Accessed: 2024-05-24}
}