@article{myhre2014anthropogenic,
  title={Anthropogenic and natural radiative forcing},
  author={Myhre, Gunnar and Shindell, Drew and Pongratz, Julia},
  year={2014},
  publisher={Cambridge University Press}
}

@web_page{international2017,
   title = {International Carbon Black Association, Carbon black user’s guide},
   year = {2017},
}

@article{Palomares2010,
   author = {Verónica Palomares and Aintzane Goñi and Izaskun Gil De Muro and Iratxe De Meatza and Miguel Bengoechea and Igor Cantero and Teófilo Rojo},
   issn = {0378-7753},
   issue = {22},
   journal = {J. Power Sources},
   pages = {7661-7668},
   publisher = {Elsevier},
   title = {Conductive additive content balance in Li-ion battery cathodes: Commercial carbon blacks vs. in situ carbon from LiFePO4/C composites},
   volume = {195},
   year = {2010},
}



@article{Norinaga2008,
   author = {Koyo Norinaga and Vinod M Janardhanan and Olaf Deutschmann},
   issn = {0538-8066},
   issue = {4},
   journal = {Int. J. Chem. Kinet.},
   pages = {199-208},
   publisher = {Wiley Online Library},
   title = {Detailed chemical kinetic modeling of pyrolysis of ethylene, acetylene, and propylene at 1073–1373 K with a plug‐flow reactor model},
   volume = {40},
   year = {2008},
}

@article{Kelesidis2017,
   author = {Georgios A. Kelesidis and Eirini Goudeli and Sotiris E. Pratsinis},
   issn = {00086223},
   journal = {Carbon},
   month = {9},
   pages = {527-535},
   title = {Morphology and mobility diameter of carbonaceous aerosols during agglomeration and surface growth},
   volume = {121},
   year = {2017},
}

@article{Kelesidis2017Flame,
   author = {Georgios A. Kelesidis and Eirini Goudeli and Sotiris E. Pratsinis},
   issn = {15407489},
   issue = {1},
   journal = {Proc Combust Inst .},
   pages = {29-50},
   title = {Flame synthesis of functional nanostructured materials and devices: Surface growth and aggregation},
   volume = {36},
   year = {2017},
}

@article{kholghy2016core,
  title={The core--shell internal nanostructure of soot--A criterion to model soot maturity},
  author={Kholghy, Mohammad Reza and Veshkini, Armin and Thomson, Murray John},
  journal={Carbon},
  volume={100},
  pages={508--536},
  year={2016},
  publisher={Elsevier}
}

@article{schiener2019transported,
  title={Transported probability density function based modelling of soot particle size distributions in non-premixed turbulent jet flames},
  author={Schiener, MA and Lindstedt, RP},
  journal={Proceedings of the Combustion Institute},
  volume={37},
  number={1},
  pages={1049--1056},
  year={2019},
  publisher={Elsevier}
}

@article{Xiong1993,
   author = {Yun Xiong and Sotiris E Pratsinis},
   issn = {0021-8502},
   issue = {3},
   journal = {J. Aerosol Sci.},
   pages = {283-300},
   publisher = {Elsevier},
   title = {Formation of agglomerate particles by coagulation and sintering—Part I. A two-dimensional solution of the population balance equation},
   volume = {24},
   year = {1993},
}

@article{Kholghy2021,
   author = {M. R. Kholghy and G. A. Kelesidis},
   journal = {Combust. Flame},
   title = {Surface Growth, Coagulation and Oxidation of Soot by a Monodisperse Population Balance Model},
   year = {2021},
}

@article{Spicer2002,
   author = {Patrick T Spicer and Olivier Chaoul and Stavros Tsantilis and Sotiris E Pratsinis},
   issn = {0021-8502},
   issue = {1},
   journal = {J. Aerosol Sci.},
   pages = {17-34},
   publisher = {Elsevier},
   title = {Titania formation by TiCl4 gas phase oxidation, surface growth and coagulation},
   volume = {33},
   year = {2002},
}

@article{Goudeli2016,
   author = {Eirini Goudeli and Maximilian L Eggersdorfer and Sotiris E Pratsinis},
   issn = {0743-7463},
   issue = {36},
   journal = {Langmuir},
   pages = {9276-9285},
   publisher = {ACS Publications},
   title = {Coagulation of agglomerates consisting of polydisperse primary particles},
   volume = {32},
   year = {2016},
}

@article{Kelesidis2019,
   author = {Georgios A Kelesidis and Sotiris E Pratsinis},
   issn = {0010-2180},
   journal = {Combust. Flame},
   pages = {493-499},
   publisher = {Elsevier},
   title = {Estimating the internal and surface oxidation of soot agglomerates},
   volume = {209},
   year = {2019},
}

@article{Oberlin1984,
   author = {A Oberlin},
   issn = {0008-6223},
   issue = {6},
   journal = {Carbon},
   pages = {521-541},
   publisher = {Elsevier},
   title = {Carbonization and graphitization},
   volume = {22},
   year = {1984},
}

@article{Goodwin2009,
   author = {David G Goodwin and Harry K Moffat and Raymond L Speth},
   journal = {Caltech, Pasadena, CA},
   title = {Cantera: An object-oriented software toolkit for chemical kinetics, thermodynamics, and transport processes},
   volume = {124},
   year = {2009},
}

@article{Carbone2017,
   author = {Francesco Carbone and Kevin Gleason and Alessandro Gomez},
   issn = {15562921},
   journal = {Combustion and Flame},
   keywords = {Flame sampling,GC/MS,Optical diagnostics,PAHs,Soot},
   pages = {315-328},
   title = {Probing gas-to-particle transition in a moderately sooting atmospheric pressure ethylene/air laminar premixed flame. Part I: gas phase and soot ensemble characterization},
   volume = {181},
   year = {2017},
}

@article{appel2000kinetic,
  title={Kinetic modeling of soot formation with detailed chemistry and physics: laminar premixed flames of C2 hydrocarbons},
  author={Appel, J{\"o}rg and Bockhorn, Henning and Frenklach, Michael},
  journal={Combustion and flame},
  volume={121},
  number={1-2},
  pages={122--136},
  year={2000},
  publisher={Elsevier}
}

@article{blanquart2009analyzing,
  title={Analyzing the effects of temperature on soot formation with a joint volume-surface-hydrogen model},
  author={Blanquart, G and Pitsch, H},
  journal={Combustion and Flame},
  volume={156},
  number={8},
  pages={1614--1626},
  year={2009},
  publisher={Elsevier}
}

@article{kholghy2018reactive,
  title={Reactive polycyclic aromatic hydrocarbon dimerization drives soot nucleation},
  author={Kholghy, Mohammad R and Kelesidis, Georgios A and Pratsinis, Sotiris E},
  journal={Physical Chemistry Chemical Physics},
  volume={20},
  number={16},
  pages={10926--10938},
  year={2018},
  publisher={Royal Society of Chemistry}
}

@article{sabbah2010exploring,
  title={Exploring the role of PAHs in the formation of soot: Pyrene dimerization},
  author={Sabbah, Hassan and Biennier, Ludovic and Klippenstein, Stephen J and Sims, Ian R and Rowe, Bertrand R},
  journal={The Journal of Physical Chemistry Letters},
  volume={1},
  number={19},
  pages={2962--2967},
  year={2010},
  publisher={ACS Publications}
}

@article{johansson2017evolution,
  title={Evolution of maturity levels of the particle surface and bulk during soot growth and oxidation in a flame},
  author={Johansson, KO and El Gabaly, F and Schrader, PE and Campbell, MF and Michelsen, HA},
  journal={Aerosol Science and Technology},
  volume={51},
  number={12},
  pages={1333--1344},
  year={2017},
  publisher={Taylor \& Francis}
}


